3037 4913
1447 254 1514 311 3'2

339 431 504 498 nihil
544 429 764 513 habet3
823 429 940 496 sed
984 451 1064 497 ne
1102 438 1404 515 excerpta
1444 431 1701 497 omissis
1751 431 2181 516 compluribus
2224 430 2417 497 nimis
2462 431 2635 498 inter

343 552 412 599 se
451 531 908 616 discreparent,
963 531 1120 596 talia
1164 553 1213 596 c.
1264 538 1336 596 2:
1392 533 1510 595 ταῦ
1513 555 1593 594 ια
1635 529 1753 613 μὲν
1797 517 1912 596 οὖν
1957 526 2167 608 οὕτως
2212 526 2504 615 ἔπρασσε
2548 569 2637 577 —

341 627 725 711 ἐξίστασθαι
766 631 1119 696 narrationi
1168 651 1322 697 suae
1363 637 1668 713 tanquam
1711 631 2034 697 vinculum
2078 631 2371 696 iniunxit.

538 731 718 801 Sicut
770 732 838 796 in
894 731 1082 797 rebus
1138 732 1413 816 Augusti
1473 732 1620 815 Dio,
1682 732 1774 797 ita
1831 730 2095 797 Tacitus
2147 733 2214 797 in
2258 731 2629 798 Tiberianis

341 831 622 897 auctoris
682 832 959 915 vestigia
1017 833 1226 916 magis
1266 833 1581 917 pressisse
1626 832 1782 897 mihi
1828 833 2003 898 visus
2048 841 2145 899 est
2187 851 2410 915 neque,
2461 830 2633 914 quod

340 950 641 1015 suprema
681 931 974 1015 Augusti,
1032 953 1198 1015 quae
1254 933 1448 999 latius
1490 932 1945 1017 explicaverat,
2010 934 2078 999 in
2139 952 2303 999 novo
2347 932 2511 998 libro
2549 931 2633 997 de

343 1030 608 1097 Tiberio
673 1032 921 1116 scripto
977 1041 1198 1099 auctor
1253 1033 1481 1100 iterum
1543 1033 1768 1118 paucis
1821 1033 2035 1101 verbis
2077 1034 2472 1120 perstrinxit,
2516 1034 2631 1098 mi·

344 1131 615 1198 randum
657 1141 771 1198 est.
818 1132 1063 1199 similia
1106 1134 1276 1199 enim
1319 1134 1449 1199 alio
1493 1134 1632 1199 loco
1677 1135 1941 1200 Tacitus
1982 1132 2121 1220 ipse
2165 1136 2337 1220 fecit,
2383 1136 2492 1219 qui
2536 1135 2631 1201 fu-

344 1252 464 1299 nus
511 1232 769 1299 Claudii
837 1234 1048 1299 annal.
1107 1233 1216 1300 lib.
1261 1234 1392 1299 XII
1443 1238 1521 1298 69
1593 1235 1898 1301 traditum
1962 1234 2069 1300 lib.
2132 1236 2297 1302 XIII
2345 1241 2380 1300 3
2423 1236 2643 1302 denuo

343 1333 620 1418 scripsit,
665 1354 784 1399 nec
826 1354 952 1399 non
998 1335 1356 1413 Suetonius,
1408 1336 1516 1418 qui
1565 1355 1864 1420 suprema
1886 1335 2159 1420 Augusti
2205 1337 2272 1401 in
2317 1337 2452 1403 vita
2494 1337 2632 1403 eius

343 1457 396 1500 c.
446 1439 769 1500 100-101
831 1436 1127 1520 exposita
1190 1436 1389 1502 vitam
1446 1435 1695 1501 Tiberii
1760 1435 2045 1502 referens
2106 1457 2156 1502 c.
2217 1442 2296 1500 22
2357 1437 2633 1504 breviter

345 1537 581 1621 attigit.
642 1543 832 1619 atque
873 1558 993 1622 ego
1048 1539 1143 1604 sic
1187 1546 1412 1616 statue,
1477 1537 1536 1603 si
1582 1538 1724 1620 quis
1770 1537 2154 1603 Tiberianas
2196 1558 2298 1604 res
2346 1559 2386 1603 a
2429 1538 2633 1622 primo

343 1639 449 1704 die
492 1640 835 1705 memoriae
876 1638 1334 1722 mandavisset,
1380 1657 1524 1703 eum
1568 1638 1950 1704 necessitate
1982 1637 2258 1720 quadam
2289 1638 2632 1706 adductum

344 1758 504 1818 esse,
550 1747 619 1805 ut
661 1748 925 1805 mortem
969 1759 1046 1804 ac
1092 1739 1484 1823 sepulturam
1506 1738 1783 1822 Augusti
1825 1746 2178 1822 ceteraque,
2227 1754 2392 1823 quae
2435 1740 2632 1825 impe-

342 1849 524 1909 rante
568 1843 830 1909 Tiberio
860 1832 951 1905 ¹in
1006 1840 1308 1906 honorem
1362 1838 1647 1906 defuncti
1694 1840 1951 1905 decreta
1992 1848 2153 1919 sunt,
2220 1860 2347 1906 non
2387 1840 2633 1906 omitte·

343 1953 459 2010 ret.
504 1962 632 2026 qua
675 1962 885 2008 rerum
925 1940 1305 2026 repetitione
1336 1960 1413 2006 eo
1443 1940 1653 2023 magis
1687 1960 1847 2025 opus
1882 1948 2036 2024 erat,
2081 1959 2205 2024 quo
2230 1941 2438 2008 maius
2467 1941 2633 2006 inter

344 2043 638 2109 absoluta
700 2041 975 2126 Augusti
1037 2048 1327 2125 tempora
1392 2049 1454 2106 et
1525 2041 1911 2126 compositos
1988 2041 2067 2107 de
2115 2043 2378 2109 Tiberio
2436 2042 2633 2109 libros

344 2144 624 2229 spatium
661 2143 1145 2210 intercessisset.

546 2246 724 2311 Haec
766 2234 994 2310 Tacito
1038 2253 1101 2311 et
1160 2244 1369 2310 Dione
1421 2244 1587 2308 inter
1634 2263 1701 2308 se
1749 2244 2002 2309 collatis
2048 2243 2129 2309 de
2168 2263 2378 2309 rerum
2421 2243 2633 2329 dispo·

348 2346 601 2426 sitione,
664 2346 917 2429 qualem
961 2353 1180 2411 auctor
1223 2343 1575 2410 communis
1622 2344 2070 2429 praestitisset,
2118 2364 2235 2429 pro
2280 2343 2635 2410 certissimo

349 2447 704 2515 statuimus.
749 2446 858 2530 qui
904 2437 1162 2529 quidem
1205 2444 1504 2513 laudibus
1533 2444 1809 2529 Augusti
1854 2444 2239 2512 enumeratis
2282 2445 2633 2530 Augustaei

347 2549 748 2635 principatus
786 2547 979 2612 finem
1021 2546 1200 2630 fecit;
1245 2546 1363 2611 sed
1393 2546 1565 2611 unde
1595 2545 1930 2612 Tiberiani
1973 2545 2226 2611 initium
2271 2546 2631 2632 sumpserit,

348 2647 607 2713 omnino
663 2648 835 2713 latet.
893 2667 1041 2712 nam
1095 2646 1223 2712 Dio
1267 2646 1446 2712 LVII
1474 2652 1526 2709 -l
1590 2646 1840 2712 Tiberii
1894 2646 2241 2730 imaginem
2299 2648 2633 2731 expressit,

352 2747 616 2814 Tacitus
658 2749 892 2833 paucis
947 2748 1026 2814 de
1082 2749 1371 2831 Augusto
1433 2756 1496 2814 et
1551 2748 1852 2813 extremis
1899 2747 2154 2814 traditis
2198 2768 2299 2815 res
2343 2747 2634 2815 Tiberia·

348 2867 466 2914 nas
507 2855 688 2914 tanta
722 2857 858 2915 arte
901 2848 1184 2931 adnexit,
1228 2856 1316 2939 ut,
1347 2868 1470 2932 quo
1511 2850 1654 2914 loco
1691 2855 1958 2930 utraque
2004 2848 2169 2913 inter
2199 2866 2270 2912 se
2299 2846 2638 2914 coniuncta

347 2951 497 3033 sint,
539 2970 724 3015 nemo
762 2950 1181 3036 introspiciat.
1229 2949 1344 3016 sed
1385 2956 1705 3033 utcunque
1749 2945 2003 3014 initium
2027 2955 2247 3013 auctor
2292 2946 2460 3025 fecit,
2510 2946 2635 3014 nisi

350 3070 447 3134 ea,
492 3069 656 3133 quae
696 3050 776 3115 de
818 3059 1018 3117 morte
1051 3051 1328 3135 Augusti
1373 3049 1865 3136 apud·Dionem
1908 3044 2055 3115 LVI
2101 3052 2340 3113 30——31
2396 3048 2640 3132 scripta
2697 3111 2714 3131 x

350 3158 513 3229 sunt,
570 3171 711 3216 cum
771 3151 1058 3217 eiusdem
1108 3160 1307 3218 morte
1361 3173 1401 3217 a
1455 3151 1684 3216 Tacito
1742 3171 1793 3216 c.
1852 3156 1887 3213 5
1933 3152 2137 3216 relata
2188 3147 2637 3230 consentirent,

352 3258 743 3319 communem
789 3260 1109 3318 auctorem
1153 3261 1217 3317 et
1258 3252 1537 3336 Augusti
1580 3260 1643 3317 et
1667 3250 1916 3316 Tiberii
1961 3258 2251 3334 tempora
2290 3247 2638 3314 tradidisse

351 3352 591 3438 optimo
637 3352 775 3418 iure
813 3352 1148 3435 negaverit
1192 3353 1532 3437 quispiam.
1579 3353 1681 3418 cui
1730 3352 1888 3417 haec
1932 3351 2163 3416 solatio
2210 3350 2404 3415 erint:

435 3459 531 3519 30.
611 3448 696 3519 Ὃ
752 3445 812 3518 δ’
878 3438 994 3516 οὖν
1052 3441 1441 3535 Αὔγουστος
1628 3457 1683 3516 5.
1727 3451 1907 3517 Haec
1957 3458 2147 3534 atque
2189 3449 2353 3515 talia
2382 3448 2633 3532 agitan-

298 3570 305 3577 ·
350 3550 629 3640 νοσήσας
693 3546 1046 3637 μετήλλαξε
1108 3550 1215 3615 καί
1257 3574 1380 3615 τιν
1398 3574 1440 3614 α
1542 3552 1713 3617 tibus
1756 3571 2134 3636 gravescere
2176 3548 2475 3616 valetudo
2508 3547 2633 3613 Au·

351 3651 722 3736 ὑποψίαν
785 3654 903 3716 τοῦ
972 3645 1269 3717 θανάτου
1339 3642 1446 3716 αὖ·
1547 3653 1721 3738 gusti
1765 3662 1829 3720 et
1881 3654 2139 3736 quidam
2180 3649 2440 3717 sceleris
2484 3667 2636 3713 uxo-

351 3756 470 3818 τοῧ
529 3751 567 3837 ἦ
606 3751 853 3818 Λιουία
897 3748 1143 3833 ἔλαβεν.
1216 3746 1441 3837 ἐπειδή
1549 3755 1637 3820 ris
1666 3754 2116 3837 suspectabant,
2159 3752 2398 3837 quippe
2429 3766 2639 3814 rumor

350 3848 524 3937 πρὸς
561 3847 677 3916 τὸν
718 3850 1087 3935 Λγρίππαν
1135 3848 1350 3941 κρύφα
1388 3852 1448 3931 ἒς
1548 3856 1900 3920 incesserat
1953 3872 2193 3939 paucos
2248 3857 2398 3916 ante
2465 3866 2637 3913 men-

352 3949 473 4037 τὴν
500 3953 699 4039 νῆσον
734 3950 1096 4033 διέπλευσε,
1142 3953 1249 4017 καὶ
1281 3952 1361 4019 ἕδ
1376 3948 1442 4020 ὁ·
1544 3973 1647 4020 ses
1688 3954 2046 4038 Augustum
2091 3952 2311 4019 electis
2363 3946 2639 4015 consciis

352 4076 438 4118 κε
459 4077 482 4117 ι
524 4045 592 4117 οἳ
633 4049 740 4115 καὶ
782 4054 948 4117 πᾶσι
977 4048 1192 4116 πάντα
1219 4054 1443 4119 καταλ-
1548 4062 1610 4120 et
1651 4054 1883 4120 comite
1922 4073 2067 4137 unc,
2110 4052 2316 4119 Fabio
2336 4049 2636 4133 Maxime,

352 4148 770 4241 λαγήσεσθαι.
1547 4153 1921 4219 Planasiam
1975 4161 2226 4220 vectum
2286 4150 2373 4216 ad
2430 4149 2639 4215 visen-

1544 4254 1692 4320 dum
1752 4255 2127 4341 Agrippam,
2198 4251 2435 4317 multas
2498 4248 2636 4314 illic

1542 4354 1859 4438 utrimque
1928 4355 2229 4422 lacrimas
2305 4359 2369 4419 et
2447 4350 2638 4435 signa

1546 4455 1855 4534 caritatis,
1915 4476 2199 4539 spemque
2250 4475 2325 4521 ex
2385 4473 2453 4520 eo
2501 4450 2642 4532 fore
