3037 4913
1506 230 1540 279 6

376 406 525 466 sunt
587 415 729 468 eum
788 399 1041 482 graecis
1101 366 1336 466 Dionis
1404 399 1620 464 verbis
1682 400 1776 465 ita
1839 418 2235 483 congruere,
2273 408 2342 468 ut
2406 400 2665 483 aliquod

335 498 870 566 necessitudinis
940 500 1265 568 vinculum
1342 499 1507 568 inter
1575 507 1910 584 utrumque
1977 500 2371 587 intercedere
2438 501 2664 583 negari

373 608 663 683 nequeat.

572 701 722 785 Ipso
769 700 997 765 Tacito
1027 700 1306 764 Dionem
1351 706 1608 763 auctore
1657 717 1837 763 usum
1886 718 2026 763 esse
2072 698 2201 762 nisi
2246 698 2436 782 certis
2480 719 2663 782 argu-

373 799 605 868 mentis
667 820 796 866 non
843 791 1163 886 probetur
1209 819 1411 882 eoque
1466 799 1748 874 maxime
1810 798 2235 883 redarguitur,
2297 799 2465 882 quod
2520 800 2665 880 Dio,
2734 851 2737 854 .

374 899 665 983 quamvis
709 900 923 966 brevis
971 901 1074 983 sit,
1139 900 1457 985 gravioris
1501 907 1717 965 tamen
1765 897 2067 964 momenti
2110 900 2436 982 nonnulla,
2503 919 2665 981 quae

372 1000 547 1086 apud
599 1001 896 1077 Tacitum
960 1002 1281 1068 incassum
1336 1000 1755 1084 quaesiveris,
1818 1000 2161 1066 memoriae
2208 1001 2485 1066 mandat.
2550 1000 2666 1066 sed

373 1115 517 1168 cum
561 1101 871 1167 aliatum
919 1103 1118 1168 verba
1163 1102 1242 1168 de
1288 1101 1634 1167 rebellibus
1683 1100 1751 1165 in
1795 1100 1994 1164 Drusi
2039 1099 2518 1165 tabernaculum
2558 1121 2663 1164 vo·

367 1202 536 1268 'catis
578 1201 738 1267 haec
781 1223 833 1282 c.
867 1207 936 1266 4:
978 1202 1573 1287 μεταπεμφθέντες
1619 1194 1708 1278 (ὃς
1753 1198 1856 1263 καὶ
1904 1198 2007 1261 ἐπ’
2052 1188 2210 1262 ἄλλο
2253 1222 2318 1262 τι
2361 1199 2466 1279 (cf.
2512 1201 2663 1264 Tac.

373 1323 425 1367 c.
459 1303 586 1384 29),
631 1302 929 1386 itemque,
979 1323 1142 1386 quae
1188 1302 1267 1367 de
1299 1301 1533 1385 legatis
1566 1300 1650 1366 ad
1681 1299 2130 1365 Germanicum
2158 1300 2372 1365 missis
2404 1300 2472 1364 in
2500 1300 2667 1364 hunc

372 1403 629 1470 modum
672 1402 1010 1470 traduntur
1055 1423 1104 1468 c.
1154 1407 1217 1465 5:
1263 1392 1368 1478 οἷς
1432 1399 1680 1477 ἐκεῖνος
1726 1400 1792 1464 ἕν
1837 1390 2192 1484 ἀπορρήτῳ
2245 1392 2415 1479 μόνα
2460 1390 2666 1480 εἶπεν,

372 1496 494 1568 ὅσα
558 1500 674 1567 τόν
738 1498 1134 1584 Ιῖερμανικὸν
1191 1505 1439 1582 μαθεῖν
1506 1493 1844 1586 ἠθέλησεν,
1912 1487 1985 1564 εὖ
2046 1524 2116 1564 τε
2161 1495 2277 1584 γὰρ
2346 1492 2675 1583 ἠπίστατο.

370 1604 635 1681 πάντως
699 1604 873 1688 σφᾶς
912 1598 1228 1685 ἐροῦντας
1282 1597 1344 1665 οὶ
1412 1597 1623 1685 πάντα
1676 1597 1756 1665 τὰ
1802 1598 2032 1665 ἑαυτοῦ
2101 1597 2518 1686 διανοήματα,
2562 1602 2667 1666 καὶ

374 1694 492 1767 οὔκ
552 1694 893 1788 ἠβουλήθη
922 1698 1129 1786 ,παρὰ
1185 1706 1393 1767 ταῦτα
1457 1694 1663 1786 οὐδὲν,
1728 1697 1816 1779 ὡς
1875 1701 1981 1766 καὶ
2043 1697 2211 1784 μόνα
2269 1691 2441 1779 ὄντα,
2517 1691 2666 1766 οὔτε

374 1800 659 1878 ἐκείνους
705 1790 854 1866 οὔτε
885 1798 1000 1864 τὸν
1030 1800 1427 1884 Γερμανικὸν
1457 1802 2107 1889 πολυπραγμονῆσαι,
2146 1803 2250 1881 (cf.
2283 1802 2436 1867 Tac.
2464 1823 2513 1867 c.
2544 1805 2666 1882 39).

376 1938 454 1949 -·
502 1902 662 1968 haec
713 1910 922 1968 utrum
980 1923 1015 1966 e
1062 1903 1234 1969 fonte
1278 1903 1585 1985 hauserit,
1652 1923 1733 1967 an
1807 1903 1915 1968 de*
1947 1922 2061 1968 suo
2122 1903 2337 1987 potius
2402 1904 2664 1986 ingenio

375 2003 719 2087 sumpserit
753 2002 897 2080 Dio,
945 2002 1013 2066 in
1056 2003 1267 2070 medio
1313 2004 1688 2086 relinquam.
1737 2004 1866 2068 iam
1912 2024 2061 2069 vero
2104 2003 2315 2069 Taciti
2361 2011 2555 2088 caput
2587 2008 2664 2066 52

383 2118 526 2169 cum
571 2104 672 2186 iis,
719 2121 883 2186 quae
929 2104 1103 2188 apud
1133 2105 1407 2170 Dionem
1450 2105 1569 2170 sub
1613 2105 1804 2170 finem
1850 2129 1898 2170 c.
1934 2109 1967 2167 6
2020 2105 2257 2189 scripta
2288 2110 2450 2186 sunt,
2487 2124 2668 2169 accu-

378 2206 579 2272 ratius
624 2205 1125 2289 comparandum
1168 2206 1505 2272 adeamus:

453 2296 618 2369 ἀλλὰ
684 2304 790 2369 καὶ
870 2301 1181 2382 ἐπαίνους
1250 2306 1316 2370 ἐν
1392 2309 1472 2394 τῇ

369 2403 573 2491 βουλῇ
603 2406 725 2470 τοῦ
758 2411 787 2468 Ι
805 2408 1155 2489 ἐρμανικοῦ
1189 2404 1474 2483 σ’τολλούς

375 2501 753 2591 ἐποιήσατο,
799 2506 930 2572 καὶ
981 2511 1085 2571 θυ
1107 2506 1294 2582 σίας
1340 2505 1468 2571 ἐπὶ

372 2609 559 2682 τοῖς
592 2611 1054 2689 πραχθεῖσι
1077 2632 1110 2668 ν
1172 2602 1297 2671 ὑπ’
1346 2598 1472 2670 αὖ·

373 2710 536 2786 τοῦ,
585 2702 859 2791 ὥσπερ
919 2706 1239 2785 καὶ,ἐ7τὶ
1289 2713 1474 2784 τοῖς

373 2802 534 2871 ὑπὸ
573 2810 717 2871 τοῦ
764 2804 1169 2892 Δρούσου,
1213 2810 1472 2893 γενέσ-

373 2914 525 2973 θαι
613 2904 1083 2995 ἑσηγήσατο,
1173 2916 1315 2988 τοῖς
1402 2936 1471 2976 τε

373 3004 801 3094 στρατιώταις
838 3016 982 3090 τοῖς
1011 3012 1076 3076 ἐν
1110 3016 1188 3101 τῇ
1223 3019 1470 3078 Παννο-

375 3109 478 3198 νίᾳ
522 3106 603 3175 τὰ
646 3102 806 3175 αὐτὰ
858 3116 1000 3187 τοῖς
1061 3107 1171 3174 ’ὑπ’
1224 3108 1471 3177 ἐκείνου

374 3212 678 3277 δοθεῖσιν
724 3205 1125 3295 ἐδωρήσατο.

1652 2307 1895 2372 rettulit
1956 2314 2167 2372 tamen
2226 2306 2310 2371 ad
2375 2313 2663 2372 senatum

1568 2407 1648 2472 de
1695 2406 1883 2475 rebus
1938 2407 2141 2492 gestis
2197 2407 2522 2490 multaque
2583 2406 2665 2472 de

1567 2507 1802 2573 virtute
1843 2507 1982 2572 eius
2020 2508 2408 2586 memoravit,
2456 2508 2663 2592 magis

1569 2608 1634 2671 in
1712 2608 1993 2692 speciem
2062 2611 2277 2677 verbis
2354 2609 2667 2675 adornata
2756 2608 2764 2621 ’

1569 2728 1757 2791 quam
1802 2716 1872 2774 ut
1927 2711 2183 2793 penitus
2242 2712 2479 2777 sentire
2533 2731 2663 2776 cre-

1568 2809 1840 2891 deretur,
1908 2810 2320 2892 paucioribus
2389 2812 2667 2877 Drusum

1568 2918 1630 2974 et
1654 2910 1845 2975 finem
1865 2910 2111 2993 Illyrici
2128 2919 2335 2977 motus
2359 2910 2666 2989 laudavit,

1567 3010 1681 3076 sed
1728 3011 2009 3077 intentus
2075 3018 2138 3076 et
2191 3010 2323 3075 fida
2378 3012 2665 3077 oratione

1567 3118 1939 3195 cunctaque,
2005 3131 2173 3194 quae
2249 3111 2667 3177 Germanicus

1567 3212 1938 3290 indulserat,
1977 3212 2258 3278 servavit
2283 3212 2474 3277 etiam
2497 3213 2668 3297 apud
2743 3289 2746 3293 ,

1566 3313 1972 3379 Pannonicos
2018 3313 2352 3379 exercitus.

573 3413 766 3495 Haec,
819 3413 1056 3498 quippe
1102 3434 1265 3496 quae
1310 3415 1532 3480 audito
1578 3414 1916 3480 seditionis
1962 3414 2384 3483 Germanicae
2427 3415 2552 3480 fine
2604 3414 2668 3479 in

376 3519 602 3578 senatu
645 3519 789 3578 acta
848 3513 995 3597 sint,
1065 3515 1229 3580 inter
1272 3523 1606 3596 utrumque
1653 3515 1930 3579 maxime
1976 3534 2322 3599 congruere
2379 3514 2524 3596 quis
2574 3520 2670 3577 est

376 3614 486 3695 qui
529 3614 764 3697 neget?
814 3614 928 3681 sed
960 3615 1435 3698 sacrificiorum,
1482 3635 1645 3697 quae
1682 3636 1722 3680 a
1753 3615 2014 3680 Tiberio
2058 3614 2272 3680 edicta
2314 3620 2513 3692 erant,
2546 3613 2669 3677 Ta-

376 3712 539 3779 citus
593 3715 834 3779 nullam
889 3717 1147 3781 omnino
1207 3715 1594 3781 mentionem
1641 3716 1811 3781 fecit.
1880 3736 2077 3799 quare
2130 3715 2188 3780 si
2234 3714 2356 3779 hoc
2412 3713 2672 3797 quidem

377 3818 635 3879 auctore
655 3814 933 3881 Dionem
968 3835 1151 3883 usum
1196 3836 1340 3883 esse
1385 3835 1621 3899 sumas,
1661 3836 1923 3883 necesse
1955 3825 2082 3897 est,
2124 3823 2195 3880 ut
2238 3834 2332 3892 ea,
2383 3832 2546 3897 quae
2591 3812 2670 3877 de

375 3915 710 3982 sacrificiis
756 3917 1038 3984 traderet
1066 3926 1176 3984 aut
1216 3932 1299 3983 ex
1343 3918 1544 3983 altero
1576 3919 1749 3984 fonte
1796 3927 1905 3984 aut
1951 3940 1985 3983 e
2027 3939 2144 3984 suo
2174 3915 2436 4000 ingenio
2477 3915 2666 3981 istum

375 4016 672 4084 hausisse
719 4017 963 4101 credas,
1020 4018 1089 4083 id
1147 4017 1319 4101 quod
1373 4019 1441 4082 in
1499 4016 1678 4086 tanto
1735 4039 1944 4085 rerum
2009 4039 2254 4085 conexu
2302 4018 2669 4101 neutiquam

375 4115 764 4183 credendum
830 4125 942 4186 est.
979 4118 1320 4186 accedunt
1382 4119 1530 4184 alia.
1602 4120 1903 4187 nimirum
1969 4120 2096 4184 Dio
2169 4142 2218 4185 c.
2278 4123 2317 4181 4
2381 4119 2670 4203 legiones

375 4217 784 4284 Pannonicas
838 4219 1172 4303 provincia
1227 4219 1310 4284 ad
1356 4218 1781 4286 defectionem
1828 4220 2111 4286 excitata
2153 4221 2419 4285 Romam
2464 4221 2673 4305 ipsam

375 4319 596 4385 hostili
660 4322 918 4405 agmine
985 4341 1359 4404 agressuras
1425 4320 1627 4386 fuisse
1692 4328 1756 4386 et
1799 4341 1848 4386 c.
1897 4328 1966 4383 6:
2075 4319 2407 4387 Tiberium
2472 4321 2673 4386 multa

374 4420 876 4504 gratissimaque
907 4442 1049 4489 cum
1081 4422 1481 4507 Germanico,
1509 4428 1641 4488 tum
1665 4421 2069 4506 Agrippinae
2096 4421 2434 4506 scripsisse
2455 4426 2686 4515 auctor·
