3037 4913
34 1759 53 1840 *vr

34 3012 53 3111 *l

1491 287 1553 342 17

374 464 607 531 rediit!
669 486 756 530 an
814 464 1231 531 Germanicus
1290 461 1565 529 reditum
1611 461 1829 528 uxoris
1876 462 2223 546 excusavit,
2272 462 2387 529 sed
2432 462 2662 549 Agrip-

376 564 547 651 pina,
615 565 786 649 quod
831 565 1003 631 filius
1023 568 1028 572 ’
1048 564 1346 631 reductus
1413 570 1530 646 est,
1595 584 1714 629 sua
1755 570 1981 648 sponte
2040 562 2107 628 in
2167 571 2380 629 castra
2421 562 2615 631 rediit
2632 565 2665 629 ‘?

381 665 542 732 haec
583 666 722 732 fieri
770 666 1056 750 potuisse
1101 665 1358 730 omnino
1403 684 1533 729 non
1574 684 1905 748 negarem,
1970 663 2086 730 sed
2130 664 2224 729 nil
2269 664 2582 731 eiusmodi
2628 687 2667 730 a

377 766 605 832 Tacito
651 765 956 850 traditur3
1003 765 1111 849 qui
1146 786 1289 832 cum
1333 770 1503 831 certe
1550 764 1644 830 ita
1687 784 1818 830 rem
1851 764 2096 849 prodat,
2144 773 2213 831 ut
2241 766 2667 851 Agrippinam

377 866 461 932 ad
504 867 819 932 Treveros
870 867 1224 952 profectam
1269 887 1410 932 esse
1474 866 1639 932 falso
1700 865 2050 950 credamus,
2109 866 2418 933 historiae
2476 866 2669 934 fidem

293 961 312 972 '
375 967 516 1033 hoc·
544 969 683 1033 loco
729 967 989 1032 minime
1041 975 1275 1033 servat.

577 1068 873 1134 Ceterum
897 1067 1270 1134 Germanici
1313 1068 1530 1151 verba,
1574 1067 1804 1150 quibus
1832 1067 2234 1151 Agrippinae
2275 1068 2519 1135 reditus
2562 1071 2664 1161 ob

377 1169 812 1234 imminentem
855 1174 1109 1251 partum
1136 1176 1198 1234 et
1241 1158 1539 1234 hiemem'
1571 1174 1928 1251 excusatur,
1974 1186 2048 1232 eo
2079 1168 2464 1254 suspexeriS,
2499 1168 2670 1251 quod

377 1267 684 1353 oppidum
742 1268 1069 1352 Ubiorum,
1133 1269 1201 1333 in
1253 1288 1377 1350 quo
1418 1267 1784 1352 Agrippina
1821 1266 2022 1332 filiam
2066 1268 2260 1332 enixa
2305 1276 2419 1353 est,
2487 1270 2664 1337 locus

375 1368 717 1454 puerperio
747 1369 922 1434 haud
953 1367 1389 1434 incommodus
1428 1368 1655 1433 fuerat.
1703 1387 1898 1450 quare
1939 1388 2080 1432 cum
2128 1388 2164 1433 e
2203 1320 2472 1436 Dione'is
2517 1389 2667 1453 quo-

377 1488 528 1551 que:
595 1467 704 1532 καὶ
758 1463 871 1553 ῑῆν
932 1465 1051 1550 μὲν
1104 1472 1354 1552 qum·
1345 1471 1537 1532 thav
1582 1462 1895 1551 ἐγκύμονα
1939 1489 2138 1533 ουσαν
2181 1459 2449 1554 ciffum
2487 1460 2669 1556 αὐτῷ

377 1566 678 1652 δεηθέντι
744 1569 1194 1634 Germanicum
1262 1569 1341 1635 de
1394 1589 1593 1635 uxore
1659 1589 1777 1635 sua
1826 1568 1998 1652 apud
2057 1568 2295 1634 milites
2339 1572 2537 1636 verba
2580 1570 2667 1636 fe-
2728 1633 2735 1641 .

377 1669 545 1734 cisse
580 1677 1017 1752 cognoscatur,
1061 1676 1131 1734 ut
1178 1668 1643 1735 clandestinam
1686 1668 1906 1751 fugam
1934 1677 2269 1735 excusaret
2298 1677 2489 1752 utque
2522 1692 2667 1758 cap-

376 1778 507 1835 tam
568 1790 829 1835 uxorem
888 1789 923 1834 e
981 1770 1274 1836 manibus
1325 1769 1660 1836 rebellium
1713 1768 2051 1859 eriperet
2054 1768 2486 1835 imminentem
2527 1792 2670 1856 par·

376 1877 511 1936 tum
553 1877 619 1935 et
658 1856 954 1936 hiemem'
1006 1870 1375 1938 obtendisse
1417 1871 1612 1936 istum
1658 1869 1872 1953 potius
1917 1869 2136 1934 credat
2181 1869 2455 1937 fortasse
2501 1874 2670 1956 quis

377 1970 573 2055 piam,
622 1991 813 2053 quam
857 1978 926 2037 ut
969 1970 1177 2037 reditu
1221 1978 1525 2037 excusato
1571 1970 1843 2036 rediisse
1888 1970 2314 2054 Agrippinam
2356 1994 2471 2057 pro
2515 1994 2668 2040 vero

379 2074 631 2140 habeat.

578 2177 663 2241 At
707 2196 789 2240 ne
833 2183 1071 2241 temere
1115 2174 1347 2239 Dionis
1390 2173 1822 2238 narrationem
1868 2174 2376 2258 comprobemuS‚
2439 2176 2671 2241 acriter

384 2277 453 2343 id
481 2275 863 2343 monendum
892 2282 1005 2352 est,
1056 2273 1227 2355 quod
1254 2272 1517 2339 Tacitus
1550 2294 1646 2357 ea,
1691 2293 1856 2356 quae
1886 2273 2059 2359 apud
2090 2282 2411 2343 auctorem
2434 2276 2675 2361 scripta

383 2376 665 2461 legisset,
712 2373 1075 2458 legentibus
1119 2372 1259 2458 ipse
1305 2374 1566 2438 rettulit.
1622 2393 1749 2456 qua
1793 2373 1861 2438 in
1904 2393 1975 2439 re
2020 2394 2148 2440 non
2188 2382 2320 2440 tam
2361 2395 2675 2442 summam

383 2477 666 2542 omnium
728 2494 937 2541 rerum
1006 2495 1198 2557 quam
1261 2475 1518 2559 singula
1587 2476 1894 2541 nonnulla
1950 2512 2026 2524 -
2089 2477 2156 2542 in
2213 2477 2442 2560 quibus
2498 2478 2673 2544 dicta

383 2577 725 2664 praecipue
780 2575 1078 2641 habenda
1130 2582 1279 2641 sunt
1338 2612 1421 2620 ——
1478 2582 1588 2641 aut
1641 2576 1901 2641 mutatis
1947 2585 2056 2643 aut
2096 2578 2352 2644 omissis
2397 2579 2675 2645 auctoris

381 2679 594 2745 verbis
639 2685 751 2743 aut
796 2676 1071 2757 denique
1115 2674 1358 2740 additis
1403 2675 1589 2741 novis
1631 2677 2005 2760 plerumque
2046 2678 2495 2762 depravantur.
2546 2681 2675 2745 iam

381 2799 532 2845 vero
576 2777 750 2862 apud
777 2775 1075 2842 Tacitum
1118 2774 1247 2841 nisi
1292 2795 1384 2854 eo,
1434 2775 1608 2858 quod
1657 2777 1817 2862 ipsis
1861 2779 2075 2845 verbis
2105 2779 2207 2868 tob
2238 2781 2674 2848 imminentem

381 2878 670 2944 hiemem‘
727 2875 1004 2942 reditum
1059 2873 1410 2958 excusavit,
1476 2874 1897 2943 Germanicus
1943 2879 2012 2943 in
2053 2878 2220 2945 hanc
2265 2881 2496 2947 falsam
2538 2882 2674 2968 opi-

383 2979 656 3056 nionem,
713 2984 782 3043 ut
833 2975 1259 3060 Agrippinam
1303 2975 1390 3040 ad
1433 2977 1749 3065 Treveros
1793 2977 1913 3043 iter
1963 2979 2326 3064 perrexisse
2363 2990 2676 3067 putemuS,
2758 3022 2765 3027 ,

380 3100 498 3145 nos
541 3097 670 3143 non
713 3075 977 3144 inducit.
1026 3083 1274 3141 constat
1304 3084 1517 3142 autem
1561 3083 1775 3143 castra
1818 3076 1900 3142 ab
1944 3077 2089 3163 ipso
2118 3080 2357 3163 oppido
2387 3082 2676 3148 seiuncta

385 3162 602 3244 fuisse.
651 3196 816 3260 quae
863 3195 1004 3241 cum
1049 3175 1152 3261 ita&
1187 3176 1334 3252 sint,
1382 3176 1438 3242 si
1483 3176 1551 3242 in
1597 3176 1767 3242 hunc
1810 3179 1941 3244 fere
1989 3178 2284 3244 modum:

581 3277 1022 3370 <Germanicus
1081 3275 1411 3342 orantibus
1468 3277 1781 3344 militibus
1835 3277 2039 3345 filium
2096 3279 2164 3344 in
2223 3288 2437 3346 castra
2477 3282 2560 3347 ad
2606 3303 2675 3347 se

470 3380 688 3446 statim
732 3376 1163 3444 reducendum
1215 3377 1549 3460 concessit,
1604 3377 1720 3444 sed
1763 3398 2026 3444 uxorem
2067 3381 2297 3464 partui
2320 3382 2678 3465 proximam

468 3475 818 3546 excusavit‘

386 3588 606 3646 auctor
649 3577 996 3662 scripserit,
1041 3577 1234 3651 facile
1277 3577 1347 3642 id
1376 3576 1632 3660 accidit,
1679 3584 1747 3643 ut
1793 3576 2112 3661 ambiguis
2151 3578 2294 3643 istis
2325 3581 2538 3646 verbis
2570 3580 2676 3646 de·

385 3687 607 3764 ceptus
631 3678 898 3765 Tacitus
939 3675 1387 3761 Agrippinam,
1433 3696 1624 3759 quam
1670 3677 1738 3743 in
1781 3676 2088 3760 oppidum
2129 3677 2401 3744 rediisse
2438 3687 2677 3746 certum

388 3787 502 3863 est,
559 3779 645 3844 ad
688 3779 1003 3843 Treveros
1045 3777 1167 3842 iter
1210 3777 1574 3861 perrexisse
1618 3797 1734 3862 pro
1778 3783 1950 3843 certo
1994 3778 2304 3844 habuerit.
2371 3801 2574 3864 neque
2618 3783 2674 3847 si

388 3881 539 3944 anni
580 3886 869 3962 tempora
912 3878 1397 3961 computaveris,
1445 3876 1527 3943 de
1591 3877 1709 3942 hac
1757 3898 1843 3961 re,
1909 3877 2078 3961 quod
2122 3879 2204 3943 ob
2247 3879 2681 3946 imminentem

387 3979 663 4045 hiemem
706 3977 1125 4045 Germanicus
1163 3979 1384 4044 uxoris
1433 3978 1709 4045 reditum
1749 3978 2104 4045 rectissime
2153 3988 2435 4064 excusat,
2491 3980 2676 4046 mire-

387 4083 478 4148 ris
530 4081 704 4166 apud
728 4080 1043 4161 Tacitum,
1087 4080 1325 4164 quippe
1366 4080 1477 4164 qui
1528 4080 1775 4146 duobus
1815 4080 1963 4147 aliis
2008 4081 2167 4147 locis
2211 4102 2261 4146 c.
2298 4085 2377 4144 30
2424 4089 2487 4146 et
2517 4102 2566 4145 c.
2599 4085 2676 4144 47

389 4192 454 4250 et
497 4185 697 4249 altero
741 4180 1010 4264 quidem
1052 4201 1106 4246 e.
1156 4184 1235 4244 30
1281 4182 1389 4262 (==
1431 4182 1559 4247 Dio
1604 4203 1654 4247 e.
1699 4187 1771 4245 4:
1817 4182 2136 4262 χειμῶνος
2176 4176 2458 4264 μεγάλου
2505 4203 2676 4264 γενο·

388 4283 615 4366 μένου)
675 4282 849 4348 haud
896 4281 1091 4348 dubie
1134 4287 1456 4347 auctorem
1498 4289 1752 4349 secutus
1797 4280 2029 4347 hiemis
2072 4280 2261 4348 huius
2306 4280 2460 4345 anni
2504 4302 2675 4347 men·

391 4385 627 4449 tionem
676 4383 914 4451 fecerit

592 4481 863 4547 Abunde
912 4490 1177 4567 apparet
1219 4502 1346 4547 non
1383 4483 1579 4561 nulla,
1624 4501 1787 4563 quae
1818 4480 2084 4546 Tacitus
2112 4481 2389 4566 scripsit,
2435 4502 2475 4545 a
2518 4482 2678 4547 veri-

2249 4586 2280 4634 2
