3037 4913
1468 262 1541 318 20

342 437 655 504 militibus
710 435 1175 502 discedentium
1218 444 1495 520 ,aspectu
1555 435 1640 500 ad
1684 435 2147 520 poenitentiam
2188 426 2374 503 flexis
2416 457 2463 502 a
2506 435 2632 502 Ta·

348 539 474 607 cito
533 538 776 622 scripta
830 544 992 620 sunt,
1056 556 1247 618 quam
1304 536 1582 601 maxime
1637 545 1992 620 congruunt
2043 545 2105 603 et
2146 545 2450 620 tanquam
2494 538 2642 603 vivo

345 637 842 706 necessitudinis
881 636 1137 702 vinculo
1184 637 1528 703 coniuncta
1573 628 1739 702 sunt.
1798 637 2028 719 quibus
2076 638 2484 723 introspectis
2527 637 2640 704 du-

347 739 680 808 bitandum
722 738 833 803 vix
874 737 1012 816 erit,
1061 736 1218 819 quin
1261 747 1329 804 ut
1368 737 1496 802 his:
1560 736 1665 801 καὶ
1709 740 1840 800 τῶν
1894 761 1962 802 τε
2022 736 2365 821 πρέσβεων
2421 729 2641 821 ὄλίγου

332 836 523 918 τινὰς
566 828 949 925 ἀπέσφαξαν
993 837 1099 901 καὶ
1143 835 1455 902 ἐνέκειντο
1522 837 1635 919 (sc.
1681 827 1857 924 αὐτῷ
1899 842 1992 924 τῷ
2033 839 2438 924 ΙῈρμανικῴ)
2495 839 2641 904 reli-

346 963 476 1027 qua
517 943 758 1008 similia
804 950 1110 1025 narraret,
1154 942 1281 1008 Dio
1324 943 1489 1008 mira
1532 943 1793 1009 levitate
1824 943 2254 1028 Agrippinam
2298 950 2361 1009 et
2407 943 2641 1008 Gaium

348 1044 417 1109 in
446 1043 603 1127 fuga
636 1051 858 1128 captos
896 1065 1038 1110 esse
1076 1043 1410 1129 scripserit
1439 1044 1711 1126 ideoque
1740 1052 1941 1110 totam
1971 1043 2323 1110 communis
2363 1044 2642 1111 auctoris

346 1145 778 1211 narrationem
815 1144 887 1209 in
930 1145 1316 1210 contrariam
1359 1145 1639 1211 verterit.

545 1245 712 1312 Ecce
769 1246 916 1311 finis
970 1246 1165 1312 totius
1214 1245 1628 1328 quaestionis,
1676 1265 1866 1328 quam
1910 1245 1988 1311 de
2030 1245 2259 1311 Tacito
2312 1252 2377 1310 et
2433 1244 2642 1309 Dione

348 1347 513 1413 inter
557 1367 629 1412 se
671 1346 1198 1413 dissentientibus
1240 1365 1438 1430 supra
1481 1344 1895 1411 instituimus.
1945 1345 2062 1412 sed
2100 1342 2267 1411 hanc
2294 1345 2642 1412 dissensio·

349 1468 495 1514 nem
537 1448 708 1530 quod
749 1447 960 1513 acrius
1009 1446 1436 1529 subtiliusque
1479 1446 1962 1530 percensuimus
1980 1497 1995 1528 ‚
2055 1446 2190 1512 noli
2236 1446 2642 1511 minimarum

348 1569 558 1615 rerum
597 1548 812 1616 studio
857 1548 1153 1630 tribuere,
1200 1548 1506 1613 benevole
1550 1548 1778 1613 lector!
1830 1567 1980 1611 nam
2024 1546 2082 1611 si
2128 1547 2273 1629 quis
2313 1547 2640 1629 utriusque

347 1649 692 1717 relationes
736 1650 942 1716 obiter
985 1648 1342 1731 contulerit,
1388 1647 1619 1714 Dionis
1663 1648 1854 1714 fidem
1898 1647 2072 1715 haud
2116 1647 2311 1715 dubie
2357 1668 2641 1734 compro·

349 1751 544 1834 babit,
592 1750 891 1817 Tacitum
934 1770 1085 1815 vero
1141 1770 1216 1815 eo
1277 1758 1534 1815 auctore
1582 1770 1764 1815 usum
1805 1770 1945 1815 esse
1987 1756 2241 1833 statuet,
2287 1749 2398 1831 qui
2444 1749 2639 1832 impe-

352 1858 532 1916 rante
576 1850 944 1915 Germanici
1011 1850 1197 1915 domo
1256 1870 1399 1915 cum
1439 1856 1684 1915 ceteras
1728 1869 1946 1915 omnes
1990 1848 2361 1915 Germanici
2406 1870 2508 1915 res
2545 1849 2638 1914 ni-

352 1950 500 2017 miis
545 1950 842 2015 laudibus
873 1949 1398 2034 praedicavisset,
1442 1959 1578 2015 tum
1614 1969 1765 2015 vero
1806 1970 1935 2031 eas,
1978 1969 2142 2032 quae
2178 1949 2644 2015 dominantium

352 2050 562 2116 famae
619 2049 928 2117 adversae
973 2059 1173 2133 erant,
1232 2047 1548 2116 secundas
1602 2049 2007 2117 reddidisset.
2068 2059 2135 2117 at
2193 2070 2376 2133 nunc,
2430 2070 2642 2133 quem-

352 2172 597 2235 cunque
642 2152 709 2216 in
749 2152 1112 2218 dissensum
1155 2152 1337 2218 illum
1380 2150 1713 2235 nobiscum
1759 2151 2082 2234 inquirere
2120 2173 2250 2217 non
2293 2151 2521 2235 piguit,
2587 2150 2642 2216 is

272 2248 280 2257 ’
352 2258 416 2318 et
445 2252 660 2318 Taciti
704 2251 896 2318 fidem
939 2252 1231 2320 laudabit
1275 2253 1586 2334 novisque
1632 2253 2023 2335 argumentis
2053 2274 2087 2318 e
2116 2252 2328 2317 Dione
2372 2251 2642 2335 sumptis

355 2352 689 2437 intelliget,
752 2353 820 2417 in
889 2361 1193 2436 quantum
1261 2373 1362 2418 res
1432 2373 1583 2419 vere
1649 2352 1927 2419 traditae
1976 2353 2314 2418 rhetoricis
2359 2359 2639 2417 veterum

350 2453 730 2539 scriptorum
775 2452 1064 2520 artificiis
1108 2454 1498 2539 depravatae
1543 2453 1687 2519 sint.

524 2557 577 2618 3.
662 2555 738 2619 In
783 2554 1029 2621 duobus
1074 2554 1396 2639 prioribus
1442 2553 1762 2639 capitibus
1803 2574 1839 2618 e
1879 2555 2196 2619 communi
2236 2555 2408 2621 fonte
2453 2555 2639 2620 Taci-

351 2664 487 2721 tum
541 2661 604 2719 et
655 2655 931 2720 Dionem
989 2655 1285 2721 hausisse
1336 2655 1662 2720 evicimus.
1730 2675 1899 2720 nunc
1960 2654 2214 2721 demum
2260 2655 2641 2738 quibusnam

351 2754 512 2821 locis
555 2761 819 2836 uterque
863 2754 1147 2837 aliquam
1207 2756 1478 2821 fontium
1528 2754 1914 2820 mentionem
1976 2756 2115 2840 ipse
2159 2756 2400 2835 fecerit,
2449 2776 2637 2838 quae-

352 2874 586 2920 ramus.
633 2860 696 2919 et
736 2854 863 2918 Dio
909 2855 1167 2937 quidem
1215 2856 1423 2922 nullos
1467 2856 1725 2921 omnino
1770 2856 1942 2937 citat,
1995 2855 2260 2920 Tacitus
2306 2864 2517 2921 autem
2562 2856 2641 2921 de

354 2956 706 3023 interfectis
750 2956 1068 3023 Vibuleno
1110 2966 1174 3023 et
1217 2957 1571 3023 Percennio
1615 2955 1959 3023 rebellibus
2004 2955 2227 3022 scribit
2269 2976 2322 3020 c.
2368 2960 2488 3020 29:

519 3057 803 3148 ‘tradunt
839 3057 1132 3139 plerique
1183 3058 1354 3122 intra
1405 3055 1886 3123 tabernaculum
1941 3055 2122 3122 ducis
2181 3056 2457 3137 obrutos,
2524 3055 2641 3121 alii

355 3176 623 3241 corpora
664 3165 849 3224 extra
891 3158 1130 3225 vallum
1175 3157 1427 3223 abiecta
1470 3147 1785 3222 ostentui’.
2129 3235 2132 3238 ὴ

522 3259 672 3323 Tali
719 3257 1107 3324 tradentium
1151 3257 1525 3323 diversitate
1568 3277 1775 3340 neque
1814 3257 2103 3342 pluribus
2149 3255 2429 3321 fontibus
2454 3255 2641 3321 Taci-

354 3367 487 3424 tum
531 3379 713 3426 usum
759 3378 900 3425 esse
947 3377 1151 3440 neque
1205 3358 1460 3423 omnino
1503 3358 1575 3424 in
1617 3358 1913 3423 manibus
1960 3356 2262 3423 habuisse
2306 3358 2646 3423 multorum

354 3459 597 3545 scripta
642 3459 973 3526 evincitur.
1020 3459 1259 3524 etenim
1284 3458 1514 3525 Tacito
1539 3465 1604 3525 et
1623 3459 1821 3525 Dioni
1853 3478 2046 3524 unum
2087 3466 2409 3524 auctorem
2442 3457 2643 3523 fuisse

353 3580 551 3644 supra
595 3560 1091 3625 demonstratum
1143 3570 1256 3642 est,
1305 3579 1507 3643 eoque
1551 3560 1814 3644 insuper
1851 3558 2273 3637 confirmatur,
2325 3557 2498 3641 quod
2520 3559 2644 3623 Ta·

355 3658 519 3725 citus
562 3660 628 3724 in
671 3659 964 3725 omnibus
1022 3679 1158 3744 cap.
1212 3662 1452 3722 16-—52
1498 3659 1629 3725 alio
1673 3661 1814 3726 loco
1857 3661 2081 3737 fontes,
2133 3680 2168 3723 e
2212 3659 2443 3743 quibus
2487 3657 2642 3723 hau-

356 3759 529 3842 serit,
593 3778 719 3825 non
761 3766 1070 3825 memorat
1109 3778 1269 3824 neve
1314 3778 1439 3825 uno
1499 3759 1760 3842 quidem
1808 3759 2002 3826 verbo
2056 3779 2157 3825 res
2201 3758 2328 3825 sibi
2372 3759 2642 3826 traditas

357 3861 427 3925 in
471 3860 931 3926 dubi-tationem
966 3867 1174 3925 vocat.
1243 3879 1407 3942 quae
1473 3880 1617 3926 cum
1677 3860 1771 3925 ita
1833 3860 1979 3944 sint,
2048 3880 2430 3944 quamquam
2468 3861 2644 3947 apud

356 3960 632 4026 Dionem
696 3981 822 4026 non
888 3965 1082 4043 extat,
1149 3968 1364 4026 tamen
1423 3960 1818 4026 levissimum
1882 3960 2063 4026 illum
2125 3962 2204 4028 de
2274 3961 2644 4046 corporibus

358 4059 737 4142 dissensum,
794 4080 983 4143 quem
1038 4078 1118 4124 ex
1157 4059 1476 4125 erroribus
1518 4080 1621 4127 res
1664 4067 1880 4143 gestas
1928 4060 2280 4127 videntium
2327 4062 2640 4146 originem

359 4159 621 4226 duxisse
686 4167 888 4244 patet,
978 4178 1373 4226 communem
1435 4168 1757 4227 auctorem
1836 4160 1974 4226 sive
2044 4161 2441 4228 sermonibus
2504 4161 2643 4228 sive

358 4260 829 4327 commentariis
870 4259 1097 4327 talium
1150 4259 1429 4327 virorum
1483 4280 1668 4326 usum
1712 4260 1781 4325 in
1837 4280 2030 4346 opere
2073 4281 2189 4328 suo
2229 4262 2640 4329 adnotavisse

358 4360 875 4428 diiudicabimus.
920 4360 1035 4429 sed
1075 4380 1225 4427 vere
1270 4380 1354 4427 an
1397 4360 1564 4427 falso
1604 4360 1765 4426 haec
1809 4359 2166 4428 diiudicata
2209 4363 2340 4429 sint
2399 4397 2473 4409 —
2520 4360 2640 4427 hoc

360 4482 553 4529 uuum
590 4462 658 4546 ii,
705 4482 967 4545 quorum
1007 4462 1075 4528 in
1118 4482 1342 4530 manus
1369 4469 1590 4529 nostra
1626 4481 1780 4528 cura
1817 4461 2080 4545 venerit,
2124 4483 2251 4529 non
2294 4464 2638 4546 negabunt,

2978 1678 3011 1867 ⁴1*-
