3037 4913
1441 781 1559 888 11.

558 1085 1011 1165 Quaestionem
1055 1083 1136 1152 de
1180 1085 1332 1151 Tac.
1382 1106 1439 1150 a.
1485 1087 1536 1169 I,
1587 1090 1828 1150 16--52
1868 1087 2015 1153 ideo
2059 1088 2329 1172 primam
2375 1086 2652 1154 institui-

358 1207 515 1266 mus,
562 1185 733 1270 quod
775 1185 1089 1269 omnibus,
1129 1202 1292 1269 quae
1337 1205 1378 1250 a
1418 1185 1631 1251 Dione
1673 1185 1854 1252 LVII
1899 1190 2060 1250 4-6
2100 1188 2326 1272 paucis
2368 1187 2650 1254 referun-

357 1295 477 1372 tur,
523 1308 666 1353 cum
696 1285 1006 1371 ampliore
1042 1285 1256 1352 Taciti
1284 1285 1650 1352 narratione
1690 1286 2062 1371 singulatim
2095 1287 2483 1372 comparatis
2511 1286 2651 1352 ubi·

361 1407 483 1471 que
543 1387 895 1454 communis
951 1386 1229 1453 auctoris
1288 1386 1571 1470 vestigia
1627 1387 1720 1452 ita
1770 1387 1980 1471 magis
2036 1387 2321 1454 dilucide
2377 1386 2652 1453 indicari

358 1494 673 1573 poterant.
735 1495 803 1552 at
845 1507 896 1553 0.
948 1491 1147 1551 1-15
1209 1507 1352 1553 cum
1391 1485 1662 1553 Dioneis
1707 1484 2180 1554 conferentibus
2221 1487 2409 1553 nobis
2453 1488 2654 1553 multa

359 1588 632 1654 obstant.

564 1693 614 1752 1.
700 1687 870 1754 Nam
925 1683 1202 1772 primum
1254 1687 1321 1752 in
1387 1686 1816 1753 seditionibus
1894 1686 2220 1772 legionum
2283 1686 2456 1754 idem
2520 1687 2653 1754 fere

363 1806 572 1857 rerum
615 1787 770 1855 ordo
815 1787 897 1853 ab
941 1793 1208 1870 utroque
1255 1794 1547 1854 servatus
1590 1794 1704 1854 est.
1750 1794 1972 1854 contra
1998 1787 2285 1873 priorum
2331 1808 2542 1853 rerum
2571 1786 2652 1854 de

359 1888 590 1973 quibus
633 1907 804 1954 110110
850 1893 1098 1971 agatur,
1143 1906 1284 1952 cum
1331 1886 1675 1972 dispositio
1721 1887 1888 1954 inter
1931 1887 2230 1955 Tacitum
2273 1894 2338 1954 et
2379 1887 2653 1953 Dionem

362 2008 554 2075 quam
595 1989 875 2056 maxime
921 1988 1262 2074 discrepet,
1312 1990 1567 2070 qualem
1610 1988 1899 2056 ordinem
1937 1997 2157 2056 auctor
2199 1990 2339 2074 ipse
2387 1988 2654 2074 praesti·

361 2089 529 2172 terit,
581 2088 772 2156 nimis
824 2089 1001 2155 latet.
1061 2095 1251 2171 atque
1302 2088 1567 2155 Tacitus
1631 2088 1890 2172 quidem
1949 2110 1999 2155 c.
2062 2093 2220 2152 1-4
2284 2088 2510 2173 paucis
2573 2087 2653 2153 de

360 2189 644 2283 Augusti.
692 2189 1057 2275 principatu
1113 2188 1370 2256 traditis
1414 2188 1564 2256 inde
1607 2209 1647 2254 a
1692 2210 1741 2255 0.
1790 2193 1847 2273 5,
1890 2188 2121 2272 quibus
2163 2208 2455 2272 quaeque
2496 2196 2654 2254 tem-

360 2290 624 2375 poribus
682 2290 891 2357 factae
950 2290 1111 2373 sint,
1170 2311 1271 2356 res
1330 2298 1615 2356 enarrat:
1681 2310 1759 2355 en
1816 2289 2213 2374 singulorum
2271 2310 2407 2374 cap.
2470 2309 2653 2373 argu-

365 2397 598 2459 menta.

561 2512 614 2557 0.
662 2496 716 2557 5.
925 2492 1097 2559 Μο18
1141 2490 1417 2576 Augusti
1459 2493 1585 2568 (19.
1631 2491 1824 2575 Aug.)

663 2595 719 2656 6.
934 2592 1181 2660 Caedes
1225 2591 1555 2678 Agrippae
1598 2590 1903 2657 Postumi.

666 2694 720 2755 7.
846 2689 850 2693 ’
933 2693 1159 2765 Roma,
1187 2711 1392 2779 prona
1434 2692 1504 2758 111
1565 2691 1952 2759 servitutem.
2013 2692 2288 2758 iuratum
2353 2692 2422 2759 in
2461 2691 2661 2758 verba

932 2794 1082 2860 novi
1120 2793 1454 2879 principis.
1500 2793 1640 2860 0108
1685 2792 1925 2859 callida
1967 2792 2431 2876 tergiversatio.

666 2898 720 2959 8.
931 2895 1206 2981 Augusti
1253 2901 1703 2962 testamentum
1743 2900 1806 2961 et
1846 2893 2190 2979 sepultura.

664 2998 886 3062 9—10.
930 2996 1029 3063 De
1072 2998 1362 3082 Augusto
1406 3015 1730 3063 sermones
1776 2996 1845 3062 in
1886 3003 2219 3080 utramque
2263 3002 2527 3082 partem.

623 3101 714 3161 11.
929 3096 1255 3163 Caelestes
1316 3096 1665 3181 religiones
1718 3096 1779 3163 ei
1833 3096 2127 3164 decretae
2184 3095 2308 3179 (17.
2369 3095 2541 3181 Sept.
2587 3094 2656 3159 C.

935 3198 984 3262 Ι.
1027 3196 1099 3262 L.
1159 3218 1219 3283 p.
1265 3196 1437 3278 402).
1495 3197 1798 3264 Tiberius
1852 3197 2189 3284 imperium
2243 3194 2509 3262 subdole
2562 3213 2656 3260 re-

932 3297 1075 3363 nuit
1116 3305 1381 3383 urgente
1429 3305 1672 3365 senatu.

631 3402 722 3462 12.
934 3395 1123 3463 Gallo
1168 3397 1396 3465 Asinio
1437 3397 1661 3465 iratus.

628 3501 722 3562 13.
935 3497 1084 3563 Mox
1128 3497 1451 3581 Arruntio,
1492 3497 1778 3580 Haterio,
1826 3496 2081 3564 Scauro.

634 3603 726 3663 14.
938 3598 1213 3666 Senatus
1277 3600 1567 3666 adulatio
1630 3598 1696 3665 in
1757 3597 2012 3663 Liviam
2075 3617 2116 3663 a
2180 3597 2445 3665 Tiberio
2503 3607 2655 3694 tem-

936 3705 1180 3786 perata.

632 3802 722 3863 15.
937 3798 1277 3868 Ordinatio
1344 3800 1765 3867 comitiorum.
1846 3799 1927 3865 de
1983 3797 2254 3866 edendis
2306 3798 2478 3867 ludis
2533 3801 2659 3866 Au-

936 3902 1295 3988 gustalibus
1350 3902 1605 3979 (3-12.
1666 3900 1801 3970 Oct.
1861 3900 1927 3966 C.
1976 3901 2026 3966 Ι.
2071 3899 2141 3966 L.
2187 3899 2336 3982 403)
2400 3907 2662 3970 senatus

565 4101 735 4169 Sane
792 4020 1084 4168 νίᾱὶῗιῖιιιιὲ
1087 4003 1442 4186 1¹1'lt'toituQ
1498 4109 1568 4169 ut
1625 4101 1872 4168 ferebat
1926 4107 2280 4186 temporum
2332 4099 2506 4184 ordo,
2561 4119 2662 4165 su·

374 4223 628 4290 premos
690 4202 964 4288 Augusti
1034 4202 1306 4269 honores
1364 4203 1431 4270 in
1492 4202 1683 4269 initia
1728 4197 2064 4268 Tiberiani
2108 4200 2507 4287 principatus
2568 4199 2664 4266 in·

372 4303 614 4371 tulisse.
662 4310 729 4369 at
769 4302 1061 4386 Dionem,
1121 4322 1286 4386 quae
1340 4302 1425 4368 ad
1468 4303 1830 4387 Augustum
1885 4301 2279 4387 spectabant,
2325 4306 2551 4366 cuncta
2595 4299 2661 4364 in
2777 4291 2785 4298 ’

386 4402 552 4470 libro
593 4402 738 4468 LVI
783 4401 1083 4469 continuo
1129 4401 1481 4472 absolvisse
1517 4401 1748 4469 docent
1780 4401 1966 4467 haec:
