3037 4913
1544 304 1613 356 35

426 467 547 535 dus
582 470 793 536 clarus
820 469 935 535 ille
961 470 1438 554 tragoediarum
1466 472 1743 557 scriptor
1761 473 1806 554 ¹)
1838 473 2037 539 multo
2071 474 2274 541 maior
2316 484 2454 542 erat
2484 477 2718 553 Plinio,

430 569 539 650 qui
589 589 645 634 a.
693 573 770 633 23
815 570 1021 636 lucem
1082 572 1354 656 aspexit.
1422 573 1661 638 etenim
1704 594 1758 638 a.
1813 577 1886 637 31
1934 574 2102 639 inter
2157 575 2380 643 Seiani
2432 577 2722 643 conscios

434 670 735 756 abreptus
780 671 1004 750 Quinti
1049 672 1284 750 irati-is,
1340 673 1450 756 qui
1476 673 1691 744 ,vades
1738 674 2003 757 exstitit,
2052 676 2414 742 constantia
2456 683 2723 742 mortem

429 772 752 857 effugit²);
813 783 877 840 et
930 793 1132 856 usque
1191 774 1277 840 ad
1335 795 1671 842 excessum
1715 775 1964 842 Tiberii
2010 768 2268 859 quidem
2313 777 2379 842 in
2429 777 2724 845 custodia

429 870 648 935 fratris
697 872 836 955 fuit,
882 873 999 939 sed
1042 873 1209 940 Gaio
1259 875 1561 960 Caligula
1607 896 1818 942 rerum
1863 877 2067 961 potito
2112 877 2181 942 in
2224 877 2588 944 libertatem
2630 899 2724 945 re-

430 969 651 1037 dactus
696 979 793 1038 est
807 975 877 1056 ³),
925 975 1028 1041 cui
1057 976 1336 1061 principi
1377 997 1640 1043 coenam
1677 960 1935 1043 dedisse
1970 984 2355 1043 memoratur
2371 978 2441 1059 ⁴).
2489 977 2725 1043 deinde

430 1094 488 1138 a.
534 1079 616 1138 44
660 1076 882 1142 consul
928 1076 1231 1143 suffectus
1276 1078 1398 1144 fuit
1414 1078 1486 1160 ὅ),
1545 1086 1867 1162 postremo
1909 1097 2061 1143 vero
2107 1078 2492 1143 Germaniae
2536 1098 2721 1163 supe·

426 1174 617 1240 rioris
677 1175 927 1259 legatus
990 1177 1102 1242 ille
1161 1178 1433 1243 victoria
1484 1178 1567 1243 de
1612 1177 1866 1244 Chattis
1911 1185 2237 1262 reportata
2279 1200 2334 1244 a.
2385 1183 2463 1243 50
2505 1180 2723 1244 trium-

429 1275 686 1360 phalem
716 1277 1018 1343 honorem
1050 1298 1091 1341 a
1128 1277 1400 1343 Claudio
1426 1279 1694 1363 accepit,
1720 1278 1960 1363 quippe
1992 1278 2325 1363 modicam,
2356 1287 2426 1345 ut
2457 1280 2721 1345 Tacitus

431 1376 589 1441 dicit
608 1377 680 1459 ⁶),
724 1385 971 1461 partem
1012 1378 1223 1443 famae
1268 1379 1408 1444 eius
1436 1379 1611 1463 apud
1639 1387 1949 1464 posteros,
1988 1381 2056 1444 in
2098 1380 2329 1462 quibus
2372 1381 2724 1447 carminum

428 1477 639 1559 gloria
683 1478 1130 1561 praecellebat.
1177 1480 1432 1563 quando
1462 1489 1677 1547 autem
1721 1490 2005 1548 mortuus
2036 1483 2139 1565 sit,
2172 1502 2314 1546 cum
2356 1481 2722 1563 ignoremus

429 1597 634 1660 neque
678 1578 1027 1661 quidquam
1086 1600 1274 1663 porro
1323 1579 1403 1646 de
1448 1582 1572 1647 isto
1628 1589 2018 1666 compertum
2083 1581 2451 1664 habeamus,
2516 1582 2721 1646 elucet

428 1686 575 1763 post
619 1701 676 1743 a.
728 1683 807 1742 50
852 1680 931 1746 de
997 1682 1133 1747 vita
1176 1682 1515 1766 Pomponii
1585 1683 1782 1748 libros
1840 1683 2046 1748 editos
2108 1701 2267 1747 esse.
2336 1700 2533 1762 quare
2578 1700 2720 1745 cum

429 1778 625 1843 Dubii
669 1781 980 1846 sermonis
1022 1780 1169 1845 libri
1214 1789 1356 1847 octo
1398 1782 1514 1847 sub
1561 1783 1815 1848 Nerone
1858 1783 2228 1848 novissimis
2274 1781 2460 1846 annis
2503 1789 2567 1847 et
2612 1801 2721 1846 au-

429 1886 601 1944 ctore
644 1878 788 1963 ipso
845 1881 1159 1947 referente
1179 1886 1228 1965 ⁷)
1300 1903 1356 1947 a.
1403 1886 1480 1943 67
1530 1883 1754 1967 scripti
1800 1883 1948 1967 sint,
2014 1884 2174 1949 satis
2239 1888 2491 1949 constat
2551 1882 2721 1948 intra

433 2001 634 2046 annos
682 1986 752 2044 51
805 1990 868 2047 et
912 1986 991 2044 66
1038 1984 1344 2068 deinceps
1405 1992 1467 2050 et
1531 1985 1630 2048 De
1690 1985 1826 2050 vita
1881 1985 2220 2069 Pomponii
2280 1992 2343 2048 et
2398 1983 2719 2048 Bellorum

431 2082 815 2146 Germaniae
845 2089 909 2148 et
938 2083 1099 2150 Tres
1127 2085 1450 2151 studiosos
1493 2085 1691 2150 libros
1724 2085 2108 2169 compositos
2153 2105 2311 2150 esse.
2356 2082 2585 2167 quodsi
2630 2083 2724 2147 ita

432 2190 547 2266 est,
593 2181 765 2247 haud
813 2186 1079 2250 multum
1120 2187 1500 2264 aberremus,
1565 2187 1620 2250 si
1666 2186 1839 2252 bella
1883 2185 2268 2252 Germaniae
2318 2186 2493 2252 circa
2535 2205 2588 2249 a.
2639 2188 2718 2247 60

431 2281 609 2362 edita
653 2283 852 2351 fuisse
897 2294 1267 2353 statuamus,
1335 2296 1398 2352 et
1444 2287 1568 2352 isto
1629 2287 1886 2370 quidem
1928 2297 2211 2372 tempore
2261 2306 2479 2351 omnes
2521 2284 2720 2349 libros

432 2390 637 2458 editos
662 2410 803 2456 esse
827 2426 908 2434 -—
941 2388 1108 2454 unde
1143 2395 1343 2454 totum
1367 2408 1527 2474 opus
1571 2389 1701 2452 iam
1726 2396 1877 2453 tunc
1898 2389 2257 2454 absolutum
2300 2391 2733 2478 cognoscatur

433 2530 513 2539 --
535 2512 663 2558 non
709 2498 808 2557 est
852 2490 1023 2573 quod
1049 2510 1261 2574 neges.
1306 2510 1495 2573 quam
1542 2490 1623 2555 ob
1669 2510 1803 2555 rem
1845 2490 2098 2574 nepotis
2135 2488 2331 2554 verba
2372 2488 2454 2553 de
2475 2486 2720 2552 Plinio:

430 2595 771 2678 eBellorum
806 2591 1189 2658 Germaniae
1231 2591 1484 2673 viginti,
1534 2590 1763 2673 quibus
1807 2590 2023 2656 omnia
2065 2609 2228 2673 quae
2272 2609 2413 2655 cum
2460 2589 2716 2654 Germa-

430 2693 531 2758 nis
577 2693 894 2778 gessimus
939 2693 1112 2757 bella
1154 2689 1447 2775 collegit',
1495 2692 1649 2756 item
1677 2690 1969 2756 Suetonii
2018 2689 2219 2756 vitam
2262 2689 2400 2754 eius
2445 2690 2721 2755 reseren-

431 2794 528 2858 tis·
560 2794 694 2859 fere
737 2792 961 2858 eadem
979 2796 1059 2871 ⁸):
1122 2792 1327 2883 <Bella
1370 2791 1605 2872 omnia,
1664 2811 1827 2872 quae
1868 2810 2152 2873 unquam
2196 2811 2338 2856 cum
2383 2788 2721 2854 Germanis

426 2901 612 2977 gesta
653 2900 815 2976 sunt,
853 2892 1085 2976 viginti
1122 2891 1552 2956 voluminibus
1596 2882 2095 2975 comprehendit'
2137 2891 2229 2955 ita
2260 2889 2719 2973 intelliguntur,

429 3002 498 3060 ut
519 2993 802 3059 Plinium
846 2994 1016 3058 bella
1050 2992 1450 3070 Germanica,
1499 3013 1535 3057 e
1566 2991 1796 3074 quibus
1828 2991 1961 3054 al‘ia
2000 2974 2117 3055 a'lii
2162 2989 2506 3073 scriptores
2551 3008 2716 3053 com-

430 3102 794 3181 posuerant,
839 3094 908 3159 in
959 3112 1153 3159 unum
1209 3113 1437 3177 corpus
1492 3091 1824 3175 redegisse
1870 3090 2222 3174 credamus,
2277 3088 2393 3155 scd
2437 3088 2717 3172 minime,

430 3202 737 3279 quotquot
779 3213 980 3278 usque
1025 3192 1109 3258 ad
1152 3200 1415 3259 mortem
1460 3199 1647 3277 gesta
1682 3200 1846 3272 sunt,
1895 3212 2040 3258 eum
2079 3210 2378 3257 narrasse
2415 3188 2718 3254 efficiunt.

427 3316 509 3361 ne
550 3315 752 3377 usque
796 3294 882 3359 ad
909 3293 1185 3360 Neronis
1231 3293 1473 3359 exitum
1520 3292 1603 3375 (a.
1636 3295 1747 3370 68)
1797 3291 2057 3375 quidem
2085 3292 2369 3359 Plinium
2410 3289 2719 3356 bellorum

428 3396 627 3461 libros
678 3393 1061 3481 produxisse
1119 3393 1188 3460 id
1237 3392 1576 3459 Octavium
1635 3393 1872 3459 Olason
1924 3392 2332 3478 potissimum
2373 3408 2719 3470 monemus,

427 3496 537 3580 qui
601 3496 900 3564 Tacitum
943 3493 1264 3561 Historias
1309 3494 1459 3560 inde
1525 3514 1606 3559 ex
1649 3514 1707 3558 a.
1754 3496 1834 3558 69
1878 3493 2236 3560 tradentem
2296 3510 2438 3558 cum
2480 3507 2563 3554 ex
2604 3486 2718 3552 Hi-

429 3596 648 3664 storiis
713 3602 848 3662 tum
890 3616 921 3660 e
962 3594 1138 3660 bellis
1201 3594 1599 3660 Germanicis
1660 3594 1858 3659 Plinii
1914 3593 2199 3660 fontibus
2247 3590 2543 3658 hausisse
2587 3597 2718 3653 tam

428 3698 665 3764 diserte
720 3715 909 3778 quam
973 3695 1138 3760 falso
1181 3694 1480 3779 exposuit
1495 3697 1562 3776 ⁹).
1626 3694 1742 3760 sed
1799 3713 2115 3775 quaenam
2175 3692 2411 3759 fuerint
2467 3709 2720 3771 causae,

633 3972 693 4048 1),
721 3971 862 4026 Plin.
901 3974 1017 4024 nat.
1054 3969 1184 4025 hist..
1223 3969 1353 4024 XIII
1383 3971 1470 4035 83,
1510 3969 1740 4036 Quintil.
1781 3968 1831 4021 X
1873 3971 1919 4037 1,
1940 3971 2025 4034 98,
2062 3966 2191 4023 Tac.
2230 3968 2360 4023 dial.
2408 3970 2492 4030 13,
2530 3968 2711 4022 annal.

430 4061 507 4115 XI
548 4063 629 4115 13.
794 4058 851 4128 2)
894 4058 1021 4112 Tac.
1058 4076 1108 4112 a.
1145 4057 1192 4112 V
1233 4060 1267 4112 8
1305 4057 1373 4113 cf.
1409 4057 1483 4112 VI
1528 4060 1610 4126 18,
1648 4056 1797 4112 Suet.
1834 4056 1947 4112 Vit.
1987 4075 2031 4112 c.
2075 4058 2124 4111 2.
2282 4059 2338 4124 3)
2376 4055 2481 4109 Dio
2520 4054 2645 4110 LIX
2684 4057 2719 4109 6

428 4164 689 4217 perverse
727 4163 855 4200 eum
879 4144 1147 4212 Quintum
1185 4138 1378 4200 fratris
1414 4145 1638 4200 nomine
1674 4144 1937 4214 appellat.
2082 4145 2138 4211 4)
2174 4148 2286 4197 nat.
2327 4141 2457 4196 hist.
2483 4139 2609 4197 XIV
2634 4143 2721 4197 56.

428 4236 483 4305 5)
522 4233 951 4290 Orelli-Henzen
983 4251 1102 4288 nro.
1142 4236 1301 4290 6445.
1549 4233 1604 4303 6)
1642 4234 1820 4286 annal.
1859 4231 1963 4285 XII
2002 4233 2087 4285 28.
2342 4231 2397 4299 ’7)
2435 4229 2566 4285 hist.
2605 4235 2721 4285 nat.

428 4322 605 4392 praef.
645 4327 674 4387 9
710 4322 781 4376 28
816 4324 1014 4376 auctor
1046 4321 1222 4375 libros
1258 4320 1396 4374 isto·
1434 4320 1530 4394 ‘De
1567 4314 1942 4390 grammatiea‘
1989 4318 2258 4372 nominat.
2403 4317 2458 4385 8)
2495 4316 2718 4371 Sueton.
2813 4357 2821 4374 .

425 4425 599 4478 opera
637 4409 724 4464 ed.
764 4408 820 4464 C.
860 4410 1008 4463 Both
1044 4427 1096 4478 p.
1140 4410 1264 4462 300.
1430 4408 1482 4471 9)
1520 4407 1744 4461 Tacitus
1778 4405 1893 4458 und
1933 4404 2158 4468 Sueten,
2200 4403 2430 4458 Breslau
2472 4406 2623 4470 1870,
2664 4425 2715 4475 p.

428 4499 514 4553 75.
554 4499 641 4552 94.
