3037 4913
3 1720 60 1826 ‘W

1512 264 1577 318 31

403 443 471 509 in
493 439 703 510 Taciti
732 439 898 509 libro
920 440 950 504 Ι
984 438 1169 509 nobis
1191 445 1546 507 occurrunt.
1579 457 1753 521 quae
1779 438 1995 505 omnia
2022 438 2079 505 si
2103 443 2272 505 recte
2294 437 2696 523 perspexeri-

405 562 562 624 mus,
625 539 889 607 dubium
946 559 1072 605 non
1129 546 1244 631 est,
1313 538 1467 622 quin
1524 539 1591 605 in
1646 537 2125 606 conscribendis
2170 559 2220 605 c.
2267 541 2511 603 45--47
2569 537 2700 607 Dio

405 662 569 725 quae
616 640 701 706 ad
766 638 1049 709 defuncti
1095 639 1368 722 Augusti
1432 638 1705 706 honores
1771 637 2165 724 spectabant,
2237 639 2546 706 nonnulla
2614 636 2697 706 ex

406 742 766 826 insequenti
831 739 1110 806 auctoris
1175 739 1349 809 libro,
1405 739 1798 823 excerpserit
1862 738 2389 823 excerpendoque
2456 739 2541 805 ad
2592 760 2696 805 res

405 851 678 911 exeunte
742 860 912 907 anno
965 845 1038 904 14
1094 846 1311 924 gestas
1375 839 1757 924 pervenerit.
1829 845 2100 924 apparet
2162 839 2362 922 igitur
2422 840 2698 923 Augusti

408 942 705 1011 laudibus
751 941 1140 1009 enumeratis
1171 959 1565 1006 communem
1608 946 1934 1007 auctorem
1979 939 2167 1007 finem
2213 938 2380 1007 libro
2424 958 2542 1006 suo
2581 939 2698 1007 im-
2801 937 2806 941 ’

404 1043 718 1129 posuisse.
761 1041 931 1112 unde
976 1041 1213 1109 factum
1278 1048 1393 1118 est,
1467 1047 1536 1107 ut
1599 1039 1842 1109 similia
1882 1040 2013 1106 his:
2080 1029 2197 1104 οὐκ
2242 1033 2575 1120 ἐλάχιστον
2613 1076 2697 1089 ψ*

405 1135 687 1226 ὁρῶντες
730 1130 884 1205 ὄντα
928 1143 996 1209 in
1040 1142 1184 1228 ipso
1227 1141 1353 1209 fine
1407 1143 1649 1226 scripta
1706 1140 1978 1225 ideoque
2028 1140 2257 1219 Tacito
2300 1141 2509 1225 magis
2551 1161 2697 1207 con

403 1243 632 1328 spicua
673 1250 901 1313 essent.

605 1347 658 1407 3.
746 1343 1087 1409 Auctorem
1153 1343 1433 1425 aliquem
1493 1350 1559 1408 et
1624 1342 1873 1408 Tiberii
1934 1349 1999 1407 et
2065 1342 2342 1426 Augusti
2409 1350 2698 1429 tempora

407 1442 757 1513 tradidisse
800 1443 1010 1509 adhuc
1055 1444 1381 1511 evicimus.
1444 1444 1625 1511 cuius
1671 1444 2002 1528 egregium
2046 1443 2115 1509 in
2155 1443 2534 1510 enarrandis
2570 1443 2700 1510 Au·-

406 1543 581 1628 gusti
621 1545 811 1611 rebus
846 1546 1204 1629 exemplum
1250 1543 1426 1611 haud
1456 1543 1654 1610 dubie
1688 1544 1817 1609 Dio
1859 1543 2202 1629 praestitit,
2246 1542 2364 1611 sed
2407 1544 2475 1610 in
2505 1542 2697 1613 Tibe-

405 1646 607 1718 rianis
651 1666 797 1713 cum
838 1645 1180 1731 dispositio
1225 1645 1393 1711 inter
1428 1645 1727 1715 Tacitum
1775 1653 1839 1712 et
1873 1644 2148 1717 Dionem
2186 1665 2377 1728 quam
2418 1645 2699 1713 maxime

405 1746 743 1831 discrepet,
807 1747 935 1813 utri
979 1747 1331 1812 communis
1384 1753 1605 1813 auctor
1650 1745 1924 1814 similior
1968 1745 2302 1814 habendus
2353 1746 2458 1827 sit,
2505 1766 2699 1829 quae-

405 1847 670 1917 rendum
717 1847 902 1915 nobis
947 1855 1062 1917 est.
1128 1854 1320 1930 atque
1366 1847 1636 1915 Tacitus
1695 1867 1797 1925 res
1841 1847 2011 1913 iusto
2055 1855 2412 1931 temporum
2472 1846 2696 1915 ordine

405 1947 638 2033 prodit,
683 1956 904 2016 contra
943 1948 1087 2025 Dio,
1132 1948 1437 2030 quoniam
1473 1947 1656 2015 LVII
1680 1970 1730 2015 c.
1769 1954 1790 2012 1
1844 1958 2139 2017 naturam
2180 1957 2373 2033 atque
2418 1949 2699 2017 indolem
2817 1954 2830 1973 ¹

406 2049 674 2128 Tiberii,
721 2070 774 2116 c.
824 2053 859 2114 2
902 2049 1241 2134 imperium
1280 2048 1549 2116 subdole
1592 2056 2010 2134 recusantem,
2073 2071 2125 2117 c.
2173 2054 2207 2113 3
2250 2070 2480 2117 causas
2521 2069 2700 2116 recu-

408 2151 530 2217 sati
598 2148 856 2235 imperii
900 2149 1213 2233 scribent,
1278 2149 1348 2215 in
1414 2148 1537 2214 hoc
1605 2149 1844 2215 malum
1910 2148 2157 2251 incidit,
2236 2157 2310 2217 ut
2367 2150 2700 2236 Agrippae

406 2251 694 2317 Postumi
739 2249 1022 2332 caedem,
1050 2268 1242 2333 quam
1285 2250 1562 2334 primum
1604 2250 1755 2316 novi
1786 2244 2185 2335 principatus
2216 2250 2466 2317 facinus
2494 2250 2697 2317 fuisse

405 2351 644 2417 verbis:
711 2344 827 2414 τὸν
855 2348 995 2469 μέἴ
1052 2345 1171 2433 γὰρ
1230 2341 1599 2434 Ἀγρίππαν
1653 2352 2051 2436 παραχρῆμα
2104 2340 2239 2416 απὸ
2298 2352 2417 2437 τῆς
2466 2345 2699 2435 Νώλης

406 2449 681 2535 πέμψας
732 2446 876 2515 τινὰ
933 2442 1273 2518 απέκτεινε
1333 2451 1477 2537 ipse
1538 2459 1824 2536 testatur,
1887 2452 1982 2518 in
2021 2450 2146 2520 fine
2194 2472 2247 2518 e.
2297 2455 2332 2513 3
2379 2451 2522 2520 looo
2574 2450 2696 2520 ini-

407 2553 716 2636 quissimo
759 2552 1043 2620 adderet.
1105 2571 1302 2635 quare
1355 2572 1498 2618 cum
1553 2552 1840 2620 eiusdem
1895 2552 2127 2622 caedes
2181 2551 2356 2637 apud
2399 2551 2698 2620 Tacitum

406 2653 794 2736 aequissimo
848 2655 990 2720 loco
1036 2674 1087 2718 c.
1137 2657 1172 2714 6
1232 2660 1426 2736 extet,
1468 2673 1676 2720 rerum
1720 2653 2009 2722 ordinem
2056 2653 2138 2722 ab
2183 2659 2439 2720 auctore
2484 2672 2696 2720 serva-

406 2761 538 2822 tum
565 2754 840 2824 Dionem
866 2755 1058 2839 plane
1101 2753 1480 2821 dissolvisse
1529 2774 1657 2820 non
1702 2753 1924 2822 dubito
1966 2754 2305 2821 affirmare.
2351 2753 2466 2822 sed
2509 2773 2694 2837 argu-

405 2861 621 2924 menta
662 2861 920 2940 praesto
963 2862 1111 2922 sunt
1151 2855 1352 2922 haec:

601 2955 856 3024 Dionea
899 2979 951 3023 c.
996 2961 1059 3022 2:
1114 2954 1367 3047 ς«ἐδεδίει
1411 2949 1536 3040 γὰρ
1581 2955 1788 3040 δῆθεν
1842 2989 1924 2998 -—
1967 2949 2274 3039 δημόσιοι
2333 2946 2481 3022 εἶσι>
2524 2956 2699 3022 miri-

405 3055 523 3124 fice
568 3064 924 3141 congruunt
968 3078 1108 3123 cum
1154 3057 1566 3143 paucioribus
1607 3056 1824 3124 Taciti
1862 3056 2076 3124 verbis
2122 3077 2171 3121 c.
2219 3061 2284 3120 8:
2344 3057 2697 3148 ‘populum-

408 3175 532 3239 que
593 3156 804 3226 edicto
863 3157 1108 3224 monuit
1149 3193 1226 3204 --
1280 3148 1556 3226 vellent’.
1620 3158 1788 3226 unde
1832 3177 1869 3223 e
1912 3158 2230 3226 communi
2267 3164 2541 3239 auctore,
2586 3155 2697 3239 qui

407 3265 584 3324 actas
638 3257 706 3324 in
762 3265 987 3325 senatu
1030 3278 1130 3324 res
1175 3257 1498 3341 copiosius
1546 3266 1924 3341 enarrasset,
1983 3265 2251 3340 utraque
2293 3261 2551 3328 venisse
2593 3281 2696 3328 su-

406 3379 526 3443 pra
565 3359 888 3442 cognitum
931 3365 1044 3428 est.
1085 3358 1238 3424 item
1283 3378 1447 3441 quae
1489 3360 1687 3442 paula
1732 3358 1902 3425 infra
1945 3359 2190 3443 scripta
2233 3367 2405 3428 sunt:
2463 3357 2699 3426 ἔπειτα

407 3456 481 3523 δὲ
521 3452 870 3535 κοινωνούς
912 3457 983 3522 τὲ
1023 3482 1202 3536 τινας
1257 3458 1387 3524 κτλ.
1449 3479 1593 3525 cum
1648 3460 1800 3523 Tac.
1859 3480 1909 3524 c.
1968 3463 2215 3522 11-12
2277 3462 2695 3530 consentiunt.

409 3558 524 3628 sed
572 3560 790 3628 media
836 3562 1105 3630 Tacitea
1149 3584 1199 3629 c.
1239 3568 1447 3628 8—-10
1503 3563 1678 3648 apud
1722 3584 2113 3629 communem
2159 3570 2480 3630 auctorem
2523 3562 2700 3628 haud

409 3659 603 3728 dubie
665 3663 1027 3741 extiterunt,
1091 3663 1260 3732 unde
1325 3663 1600 3729 Dionem
1664 3663 1907 3729 similia
1968 3663 2255 3728 Taciteis
2319 3685 2372 3729 c.
2424 3667 2530 3728 10·
2597 3684 2698 3755 cne

409 3760 742 3830 Tiberium
793 3763 1052 3847 quidem
1096 3763 1363 3830 caritate
1418 3797 1498 3810 —-
1546 3754 1966 3846 quaesivisse'
2009 3771 2074 3829 et
2113 3762 2423 3848 petivisse
2467 3729 2696 3849 petita

411 3884 534 3946 que
608 3863 692 3930 ad
756 3863 946 3930 finem
1003 3884 1054 3930 c.
1098 3867 1178 3926 45
1240 3864 1309 3929 in
1382 3863 1661 3948 priorem
1727 3864 1961 3930 librum
2035 3866 2440 3933 transtulisse
2502 3884 2699 3948 supra

409 3964 702 4031 vidimus,
762 3965 959 4048 igitur
1014 3964 1278 4032 Tacitus
1330 3972 1652 4031 servatum
1696 3964 1778 4031 ab
1821 3972 2078 4032 auctore
2119 3986 2330 4032 rerum
2372 3973 2697 4051 gestarum

411 4065 698 4132 ordinem
739 4072 804 4132 et
845 4064 985 4150 ipse
1028 4064 1330 4148 servavit,
1371 4072 1438 4131 at
1460 4065 1589 4131 Dio
1634 4084 1729 4150 ea,
1765 4084 1929 4148 quae
1972 4064 2057 4131 ad
2081 4066 2356 4149 Augusti
2397 4085 2697 4152 suprema

410 4165 815 4249 spectabant,
890 4163 1098 4232 denuo
1170 4164 1448 4232 scribere
1523 4166 1764 4232 veritus
1829 4186 2037 4250 pauca
2106 4165 2543 4232 tantummodo
2616 4186 2698 4231 ex

414 4271 670 4331 auctore
737 4265 1072 4352 excerpsit.
1144 4264 1340 4348 igitur
1377 4265 1623 4334 similia
1680 4265 1967 4331 Taciteis
2030 4265 2181 4348 illis,
2236 4284 2399 4348 quae
2458 4264 2609 4331 inde
2661 4287 2698 4331 e

412 4383 551 4449 cap.
593 4368 658 4428 8:
715 4363 844 4455 tdie
892 4364 1135 4435 funeris
1189 4364 1429 4436 milites
1482 4368 1659 4433 velut
1698 4365 2027 4451 praesidio
2070 4354 2323 4432 stetere’
2363 4385 2566 4449 usque
2609 4365 2694 4431 ad

410 4463 601 4540 finem
643 4487 694 4534 c.
742 4469 818 4534 10
862 4466 1106 4551 scripta
1149 4467 1363 4540 omnia
1409 4466 1495 4535 ad
1538 4466 1813 4551 Augusti
1861 4465 2051 4533 funus
2095 4466 2518 4552 pertinebant,
2564 4465 2692 4532 Dio
