3037 4913
678 416 685 421 ’
812 413 992 475 5-6,

424 508 551 574 ,καὶ
593 493 778 575 οὗτοι
814 508 934 592 μὲν
962 505 1172 587 οὕτως
1223 504 1449 594 ἡσύχα-

347 631 485 691 σαν,
552 602 619 675 οὶ
682 609 756 674 δὲ
821 607 889 675 ἐν
960 613 1038 698 τῇ
1105 609 1450 694 Γερμανίᾳ,

345 707 450 774 καὶ
498 708 824 774 πολλοὶ
868 704 978 774 διὰ
1019 704 1136 774 τὸν
1158 703 1453 791 πόλεμον

350 800 787 895 ἤθροισμέίιοι
832 809 945 873 [καὶ
986 805 1127 875 τὸν
1158 817 1217 875 Γ
1221 833 1303 894 ερ
1316 822 1362 893 μ
1381 835 1448 874 α-

348 904 584 974 νικόν
670 907 801 973 καὶ
886 911 1253 994 Καίσαρα
1348 912 1454 976 καὶ

344 1003 517 1075 πολὺ
585 1012 711 1074 τοῦ
793 1010 1098 1094 Τιβερίου
1177 1010 1450 1092 κρείττω

345 1104 626 1193 ὁρῶντες
685 1099 856 1188 ὄντα,
926 1102 1113 1175 οὐδὲν
1157 1107 1446 1194 ἐμετρία-

351 1212 460 1292 ζον
510 1264 521 1276 .
562 1264 573 1277 .
615 1264 629 1278 .
676 1263 689 1276 .

427 1749 653 1843 ἐπειδὴ
730 1777 801 1819 τε
877 1751 1124 1830 ἐκεῖνος
1188 1746 1446 1815 πολλὰ

346 1849 556 1919 εἰπών
594 1854 701 1917 καὶ
737 1848 826 1938 μὴ
864 1851 1172 1935 δυνηθεὶς
1213 1842 1451 1928 αυτούς

347 1955 740 2039 καταστῆσαι

426 2781 612 2860 τέλος
631 2778 709 2847 τὸ
734 2780 945 2868 ξίφος,
973 2775 1066 2857 ὥς
1090 2782 1196 2846 καὶ
1218 2777 1448 2846 ἑαυτὸν

341 2874 902 2967 καταχρησόμενος
919 2875 1282 2963 ἐσπάσατο,
1296 2879 1446 2947 ἒπε-

342 2977 592 3067 βόησάν
691 3004 754 3047 οι
858 2974 1209 3064 αἶάζοντες,
1317 2982 1443 3047 καὶ

343 3105 465 3160 τις
491 3072 749 3146 αὐτῶν
773 3076 858 3144 τὸ
890 3076 1181 3148 εαυτοῦ
1207 3082 1444 3171 ξίφος

343 3173 783 3258 ἀνατείνας
876 3172 1184 3246 “τοῢτο’
1287 3176 1441 3268 ἔφη

340 3276 588 3364 Ἱάβε.
615 3282 861 3345 τοῦτο
889 3277 1032 3364 γὰρ
1057 3272 1443 3364 οξὺτερόν

342 3374 536 3448 ἐστιν’
539 3434 553 3450 .

427 3568 440 3582 .
467 3510 971 3601 ..γράμματα
1007 3515 1092 3580 δὲ
1133 3509 1227 3600 δή
1261 3538 1440 3580 τινα

345 3610 446 3693 (ὃς
508 3615 640 3682 καὶ
698 3611 917 3701 παρὰ
988 3619 1142 3681 τοῦ
1213 3618 1439 3698 Τιβε-

343 3712 529 3796 ρίου
658 3716 1151 3804 πεμφθέντα
1275 3738 1433 3783 συν-

340 3813 551 3896 θεὶς,
597 3809 713 3900 τήν
752 3838 825 3880 τε
856 3812 1110 3899 δωρεὰν
1146 3815 1261 3905 τῆν
1303 3812 1435 3882 ὑπὸ

340 3917 459 3980 τοῦ
522 3910 914 3999 Αὐγούστου
976 3917 1437 4004 καταλειφθεῖ-

341 4009 462 4081 σάν
488 4036 681 4102 σφισι
706 4016 1010 4101 διπλῆν
1033 4007 1125 4094 ὥς
1150 4016 1258 4082 καὶ
1277 4014 1432 4100 παρ’

341 4112 588 4181 ἐκείνου
626 4109 903 4197 ἔδωκε,
949 4117 1058 4182 καὶ
1100 4111 1263 4194 τούς
1307 4113 1435 4198 ἔξω

339 4219 454 4302 τῆς
497 4211 744 4304 ἡλικίας
786 4211 998 4307 ἀφῆκε
1017 4235 1031 4249 ·

424 4412 690 4501 καὶγὰρ
743 4415 827 4483 ἐκ
884 4419 1032 4482 τοῦ
1086 4407 1435 4483 ἀστικοῦ

1973 415 2246 478 31--52.·

1640 512 1744 574 30:
1781 518 1845 575 et
1866 511 2113 578 Drusus
2134 532 2269 592 ικ)ιιΔ
2284 519 2656 597 exspectato

1551 610 1907 693 legatorum
1928 632 2243 699 regressu,
2282 613 2436 696 quia
2472 632 2654 697 prae-

1555 710 1768 775 sentia
1840 713 1999 778 satis
2072 713 2511 797 consederant,
2586 714 2655 779 in

1554 810 1775 876 urbem
1817 804 2027 879 rediit.
2113 818 2222 878 31:
2279 814 2492 881 Isdem
2531 814 2653 880 fer-

1556 933 1658 979 me
1700 914 1930 981 diebus
1983 914 2190 982 isdem
2238 917 2452 981 causis
2496 914 2653 982 Ger-

1555 1012 1849 1079 manicae
1957 1015 2244 1100 legiones
2340 1016 2652 1099 turbatae,

1553 1123 1784 1197 quanto
1792 1116 2033 1198 pluo-68,
2080 1124 2261 1185 tanto
2290 1117 2660 1200 violentius,·

1550 1226 1616 1283 et
1651 1237 1891 1301 magna
1943 1236 2057 1302 spe
2101 1217 2236 1284 fore
2278 1226 2348 1285 ut
2393 1217 2654 1283 Germa-

1548 1320 1729 1386 msscus
1751 1318 1987 1386 Caesar
2016 1318 2354 1403 imperinm
2383 1318 2650 1385 alterius

1547 1418 1688 1502 pati
1732 1419 2042 1503 nequiret,
2085 1418 2394 1503 daretque
2445 1440 2514 1486 se
2562 1421 2643 1486 le·

1548 1518 1849 1602 gionibns
1911 1520 1977 1584 vi
2039 1540 2157 1585 sua
2219 1527 2448 1587 cuncta
2522 1529 2650 1586 tra·

1546 1621 1759 1686 cturis.

1638 1758 1753 1817 34:
1815 1762 1965 1821 tunc
2010 1806 2022 1818 .
2069 1808 2079 1818 .
2128 1808 2139 1820 .
2186 1808 2197 1820 .
2246 1774 2427 1822 orsus
2469 1753 2650 1820 flexit

1551 1855 1635 1920 ad
1681 1905 1694 1918 .
1743 1908 1754 1919 .
1804 1908 1816 1920 .
1864 1905 1878 1919 .
1924 1856 2253 1922 celebrans
2315 1910 2326 1922 .
2377 1906 2389 1919 .
2438 1908 2449 1920 .
2497 1853 2648 1920 inde

1616 2009 1626 2020 .
1677 2008 1691 2020 .
1745 2007 1756 2020 .
1800 1954 2052 2022 extollit
2097 2006 2110 2019 .
2155 2009 2165 2020 .
2216 2007 2281 2021 ..
2327 1977 2378 2022 c.
2426 1959 2533 2019 35:
2578 1963 2648 2021 ut

1614 2055 2644 2140 ..attigit...rogitans...

1634 2189 1702 2247 at
1715 2182 1826 2248 ille
1841 2183 2214 2249 moriturum
2225 2181 2440 2266 potius
2455 2200 2647 2264 quam

1550 2280 1741 2348 fidem
1764 2289 2025 2349 exueret
2050 2283 2387 2350 clamitans
2408 2281 2645 2355 ferrum

1550 2401 1591 2445 a
1657 2382 1857 2447 latere
1922 2382 2202 2469 deripuit
2283 2383 2643 2464 elatumque

1550 2481 1880 2549 deferebat
1906 2483 1976 2548 in
2003 2492 2247 2568 pectus,
2273 2484 2343 2548 ni
2365 2481 2642 2567 proximi

1549 2603 1847 2667 prensam
1891 2582 2182 2651 dextram
2227 2583 2292 2649 vi
2352 2580 2641 2647 attinuis-

1549 2689 1705 2749 sent.
1779 2693 2065 2752 extrema
2137 2693 2201 2751 et
2263 2680 2643 2765 conglobata

1548 2784 1715 2850 inter
1743 2804 1815 2852 se
1857 2806 2008 2871 pars
2038 2782 2353 2852 contionis
2398 2802 2492 2865 ac,
2529 2781 2641 2847 vix

1548 2883 1855 2951 credibile
1884 2884 2075 2964 dictu,
2107 2882 2369 2967 quidam
2400 2880 2644 2966 singuli

1544 2985 1840 3070 proprius
1944 2983 2313 3049 incedentes
2422 2982 2644 3047 feriret

1545 3083 1986 3168 hortabantur3
2049 3090 2105 3149 et
2156 3082 2336 3148 miles
2394 3082 2641 3147 nomine

1548 3183 1910 3251 Calusidius
1942 3187 2226 3251 strictum
2252 3184 2474 3249 obtulit
2500 3183 2636 3268 yla-

1544 3286 1717 3349 dium
1755 3286 1971 3351 addito
2013 3286 2348 3351 acutiorem
2388 3303 2532 3349 esse.

1626 3511 1733 3572 36:
1778 3560 1790 3573 .
1840 3561 1851 3573 .
1897 3560 1909 3575 .
1947 3510 2275 3592 placitum,
2319 3514 2388 3573 ut
2415 3511 2635 3590 episto-

1540 3608 1640 3674 lae
1665 3609 1914 3674 nomine
1940 3608 2265 3690 principis
2297 3608 2635 3674 scriberen-

1539 3712 1661 3790 tur,
1743 3706 2113 3775 missionem
2184 3709 2326 3776 dari
2408 3711 2637 3778 vicena

1540 3805 1867 3891 stipendia
1907 3811 2182 3898 meritis3
2231 3811 2635 3879 exauctorari

1539 3910 1650 3993 qui
1724 3930 1882 3976 sena
1954 3912 2122 3980 dena
2193 3914 2496 3982 fecissent
2559 3934 2635 3980 ac

1539 4009 1802 4076 retineri
1842 4014 1961 4082 sub
2003 4017 2240 4082 vexillo
2280 4023 2633 4083 ceterorum

1540 4112 1869 4193 immunes,
1983 4115 2111 4182 nisi
2211 4114 2633 4202 propulsandi

1536 4214 1770 4300 hostis3
1799 4218 2033 4302 legata,
2065 4236 2231 4301 quae
2253 4219 2633 4302 petiverant,

1533 4317 1768 4385 exsolvi
1809 4318 2263 4403 duplicariqne.

1621 4422 1733 4483 31:
1778 4468 2025 4485 ......
2056 4421 2391 4488 vernacula
2419 4421 2630 4488 multi-
