3037 4913
0 137 96 917 ἱ

0 928 70 2159 l

1534 252 1597 305 41

426 407 798 505 Drusillam,
833 422 1157 502 Livillam,
1209 430 1455 490 constet
1498 429 1710 490 autem
1754 443 1836 489 ex
1877 422 2108 488 Tacito
2154 421 2386 488 Iuliam
2419 421 2725 488 Livillam

424 533 643 592 natam
681 545 739 590 u.
801 546 851 590 c.
897 528 1014 586 771
1074 523 1181 605 (18
1227 544 1287 609 p.
1334 522 1481 589 Chr.
1533 524 1641 610 n.),
1686 525 1918 610 -palam
1975 524 2047 590 fit
2100 522 2529 609 Agrippinam
2587 523 2719 589 lau-

419 626 578 694 dato
621 647 662 692 a
709 646 810 693 me
844 646 1011 692 anno
1036 626 1105 691 in
1147 626 1352 692 lucem
1385 625 1644 692 editam.
1686 626 1968 691 natalem
1990 624 2456 691 Kalendarium
2499 623 2722 690 Antia-

425 728 631 793 tinum
665 726 710 809 ¹)
750 726 977 793 statuit
1018 726 1077 791 d.
1121 729 1158 808 6
1205 727 1267 792 N
1269 716 1624 792 ovembris'.

621 828 806 892 Hanc
849 847 1158 894 annorum
1201 827 1742 913 computationem
1802 826 2005 892 secuti
2064 834 2211 892 sunt
2252 826 2603 892 Mommsen
2653 826 2720 891 O.

429 929 477 992 I.
522 926 593 992 L.
639 956 676 992 1.
723 949 782 1012 p.
814 931 958 1012 406,
1004 926 1222 993 Cohen
1264 946 1476 994 monn.
1523 928 1671 1013 imp.
1719 930 1767 993 I.
1814 949 1872 1012 p.
1914 931 2049 1009 173,
2107 926 2298 992 Pauli
2339 927 2413 992 R.
2455 929 2527 994 E.
2571 929 2620 993 Ι.
2672 933 2722 993 l.

426 1050 486 1115 p.
519 1031 641 1092 613
660 1047 817 1112 sqq„
863 1027 1196 1096 Lehmann
1246 1027 1558 1094 Claudius
1602 1030 1684 1094 II.
1742 1050 1802 1113 p.
1835 1032 1914 1092 96
1966 1027 2180 1110 ceteri,
2233 1047 2618 1111 quamquam
2661 1036 2725 1093 et

434 1131 702 1198 Tacitus
746 1131 830 1199 iis
875 1133 1067 1216 plane
1113 1138 1445 1217 repugnat,
1495 1139 1559 1197 et
1599 1130 1960 1198 Suetonius.
2004 1150 2082 1195 ac
2139 1129 2414 1213 primum
2462 1128 2722 1212 quidem

426 1232 832 1298 statuendum
864 1241 963 1299 est
990 1252 1120 1298 non
1163 1232 1440 1317 amplius
1472 1252 1664 1314 quam
1717 1240 1845 1319 tres
1869 1230 2273 1315 Agrippinae
2308 1229 2476 1296 filias
2505 1230 2722 1296 fuisse.

429 1331 599 1416 quod
647 1331 931 1399 dilucide
958 1333 1110 1398 inde
1154 1340 1441 1417 apparet,
1488 1331 1677 1415 quod,
1725 1339 1793 1397 ut
1835 1331 2098 1396 nomina
2137 1350 2334 1415 supra
2376 1337 2727 1396 memorata

427 1431 674 1516 docent,
724 1432 921 1500 ceteri
971 1453 1087 1499 sex
1153 1432 1337 1498 liberi
1393 1452 1602 1498 mares
1649 1439 1850 1497 erant.
1915 1452 2110 1516 quare
2174 1452 2318 1497 cum
2382 1431 2726 1498 Suetonius

428 1532 590 1599 duas
637 1533 706 1599 in
771 1534 1033 1618 regione
1088 1532 1401 1599 Rhenana
1429 1539 1644 1610 „natas
1701 1553 1868 1598 esse·
1901 1531 2118 1598 tradat
2148 1534 2220 1616 ²),
2274 1532 2445 1597 Iulia
2483 1531 2726 1597 Livilla

426 1639 638 1697 autem
704 1632 879 1717 apud
921 1633 1192 1700 Lesbios
1257 1634 1479 1718 genita
1544 1634 1644 1711 sit,
1710 1633 1880 1699 filias
1955 1634 2115 1699 istas
2162 1632 2589 1718 Agrippinam
2662 1641 2726 1699 et

424 1732 775 1799 Drusillam
799 1733 999 1800 fuisse
1043 1754 1230 1799 nemo
1258 1742 1356 1800 est
1394 1735 1506 1817 qui
1536 1742 1743 1819 neget.
1793 1734 1923 1799 iam
1967 1752 2138 1816 vero,
2177 1733 2235 1797 si
2277 1740 2448 1797 recte
2474 1731 2725 1798 Eckhel

424 1833 853 1919 Agrippinam
898 1834 955 1899 d.
1004 1838 1057 1899 6.
1106 1835 1264 1901 Nov.
1312 1856 1367 1900 a.
1401 1839 1474 1898 16
1523 1834 1591 1899 in
1636 1834 1843 1901 lucem
1890 1833 2132 1900 editam
2174 1833 2523 1917 statuisset,
2570 1853 2722 1917 quo-

426 1934 603 2001 niam
645 1934 1068 2001 Germanicus
1128 1943 1400 2002 exeunte
1457 1936 1683 2001 eodem
1744 1955 1910 2001 anno
1965 1956 2000 1999 e
2056 1933 2404 2000 Germania
2457 1935 2726 2002 Romam

425 2042 758 2114 revocatus
815 2042 911 2101 est
932 2036 1003 2120 ³),
1072 2036 1212 2101 fieri
1275 2056 1401 2102 non
1469 2036 1696 2120 potuit,
1771 2044 1840 2101 ut
1900 2036 1965 2099 in
2023 2034 2373 2100 Germania
2436 2034 2726 2099 Drusilla

427 2143 581 2201 nata
623 2143 810 2203 esset

626 2235 755 2302 Sed
798 2236 1012 2302 obstat
1054 2245 1117 2302 et
1140 2235 1425 2318 Tacitus,
1475 2236 1584 2317 qui
1630 2234 1711 2301 de
1739 2235 2123 2301 Germanico
2165 2234 2224 2300 d
2267 2238 2361 2300 26.
2382 2234 2515 2302 Mai
2559 2256 2615 2299 a.
2647 2238 2720 2297 17

430 2334 862 2421 triumphante
893 2356 948 2401 a.
978 2337 1059 2400 II.
1087 2339 1181 2399 41
1229 2336 1480 2402 scribit:
1527 2337 1826 2428 augebat
1854 2335 2237 2401 intuentium
2266 2334 2443 2402 visus
2484 2335 2726 2402 eximia

429 2436 634 2521 ipsius
692 2436 942 2521 species
1002 2458 1350 2520 currusque
1407 2437 1688 2522 quinque
1742 2437 1966 2504 liberis
2012 2426 2314 2505 onustus'.
2371 2456 2521 2501 nam
2582 2458 2725 2505 cum

428 2537 599 2603 Iulia
660 2536 898 2602 Livilla
964 2559 1018 2603 a.
1073 2544 1146 2602 18
1199 2546 1354 2604 nata
1404 2540 1507 2622 sit,
1566 2539 1684 2606 hos
1745 2540 2024 2622 quinque
2089 2538 2325 2603 liberos
2386 2534 2724 2623 Neronem,

429 2638 726 2720 Drusum,
775 2636 1009 2703 Gaium
1051 2638 1432 2722 Caligulam,
1480 2639 1926 2724 Agrippinam,
1972 2638 2326 2705 Drusillam
2370 2639 2572 2706 fuisse
2615 2659 2726 2724 ap·

430 2745 617 2823 paret
644 2739 714 2820 ⁴).
761 2737 992 2819 quodsi
1037 2739 1129 2803 ita
1174 2746 1288 2822 est,
1344 2739 1516 2805 intra
1570 2738 1627 2804 d.
1683 2743 1738 2804 6.
1780 2740 1942 2805 NoV.
2003 2760 2057 2804 a.
2100 2743 2195 2822 16,
2254 2760 2443 2822 quem
2504 2740 2729 2806 statuit

427 2838 677 2904 Eckhel
697 2839 977 2904 natalem
1015 2839 1435 2924 Agrippinae,
1479 2847 1542 2904 et
1592 2838 1650 2903 d.
1695 2843 1789 2904 26.
1810 2840 1943 2904 Mai
1987 2860 2042 2904 a.
2071 2844 2144 2902 17
2192 2840 2464 2925 septimo
2508 2859 2726 2907 mense

431 2938 715 3004 nondum
760 2940 1050 3005 confecto
1094 2940 1449 3007 Drusillam
1493 2946 1707 3006 natam
1754 2939 2141 3006 credendum
2194 2948 2380 3022 esset,
2433 2940 2502 3005 id
2555 2939 2761 3025 quod’
2804 2998 2805 3001 ,

432 3059 619 3104 nemo
664 3039 946 3115 animum
990 3038 1250 3108 inducet
1288 3049 1357 3107 ut
1394 3062 1510 3126 pro
1556 3061 1706 3107 vero
1752 3040 2006 3106 habeat.

616 3132 839 3243 §aare
896 3139 1216 3224 Eckhelii‚
1277 3142 1547 3208 aliorum
1614 3141 1895 3209 rationes
1959 3162 2086 3207 non
2144 3149 2335 3223 stant,
2402 3161 2525 3207 nos
2577 3161 2726 3206 vero

432 3238 770 3330 Tacitum
759 3248 837 3305 et
882 3241 1257 3307 Suetonium
1300 3262 1510 3308 rerum
1572 3250 1864 3307 auctores
1910 3242 2112 3307 secuti
2162 3241 2247 3306 ad
2293 3249 2532 3309 rectam
2572 3248 2728 3308 tem-

429 3354 652 3425 porum
673 3342 1237 3427 .computationem
1282 3341 1689 3408 adducemur.
1749 3347 1896 3407 n'am
1950 3363 2093 3408 cum
2136 3342 2307 3407 Iulia
2349 3340 2591 3407 Livilla
2633 3342 2730 3407 in·-

427 3450 617 3508 eunte
653 3462 821 3508 anno
877 3447 950 3506 18
991 3451 1152 3510 ,nata
1197 3443 1282 3510 sit
1326 3462 1673 3526 omnesque
1719 3450 1847 3511 tres
1896 3443 2068 3509 filiae
2100 3442 2400 3509 continuo
2448 3443 2727 3510 triennio

426 3543 647 3609 lucem.
701 3544 1089 3629 aspexerint,
1156 3543 1523 3630 Agrippina
1574 3544 1813 3629 quippe
1887 3564 2029 3611 cum
2077 3565 2114 3610 e
2158 3544 2549 3613 Suetoniano
2613 3544 2726 3610 illo

426 3643 670 3727 ordine,
715 3653 850 3711 tum
897 3666 975 3711 eo
1019 3644 1191 3729 quod
1235 3646 1516 3729 quinque
1562 3644 1749 3711 annis
1790 3652 1943 3713 ante
1965 3664 2214 3711 sorores
2259 3644 2491 3710 mar-ito
2535 3645 2726 3710 collo-

428 3751 574 3811 cata
613 3753 712 3811 est
742 3749 794 3824 ὅ)
836 3745 1011 3812 haud
1056 3746 1251 3812 dubie
1298 3746 1586 3813 maxima
1636 3752 1792 3812 natu
1831 3744 2129 3813 habenda
2161 3745 2304 3829 ipso
2350 3745 2536 3813 initio
2563 3766 2618 3813 a.
2650 3750 2724 3810 15

425 3846 529 3910 vel
576 3847 771 3930 paulo
818 3853 1009 3912 antea
1049 3853 1355 3932 posteave
1404 3846 1628 3931 genita
1676 3852 1787 3912 est.
1852 3845 1983 3910 iam
2026 3864 2195 3928 vero,
2254 3865 2397 3911 cum
2463 3865 2545 3910 ex
2591 3844 2725 3929 epi-

423 3946 591 4012 stola
652 3946 927 4031 Augusti
984 3967 1025 4012 a
1084 3947 1391 4014 Suetonio
1456 3953 1711 4013 servata
1755 3945 2183 4030 Agrippinam
2238 3952 2508 4015 matrem
2574 3965 2726 4011 vere

626 4188 679 4257 1)
714 4187 770 4242 O.
808 4188 848 4242 I.
886 4189 949 4244 L.
987 4188 1031 4242 1.
1072 4207 1124 4259 p.
1154 4192 1273 4244 329.
1446 4193 1504 4259 2)
1545 4192 1694 4246 Suet.
1735 4191 1910 4259 Calig.
1946 4192 1996 4243 8.
2176 4190 2230 4254 3)
2270 4188 2398 4243 Tac.
2442 4206 2489 4241 a.
2531 4188 2598 4242 11.
2638 4191 2724 4244 26.

624 4278 681 4341 4)
722 4276 865 4330 Vide
901 4277 1203 4347 Nipperdei
1240 4278 1430 4332 adnot.
1472 4279 1546 4332 ad
1582 4279 1727 4333 hunc
1768 4277 1969 4342 locum.

625 4366 679 4430 5)
725 4362 854 4418 Tac.
890 4380 939 4420 a.
973 4364 1066 4422 IV.
1108 4368 1174 4420 75
1212 4382 1358 4420 anno
1403 4367 1499 4433 283
1538 4365 1777 4421 Drusilla
1816 4369 1873 4419 et
1916 4363 2116 4418 Livilla
2153 4382 2199 4417 a.
2240 4366 2310 4419 38
2350 4364 2565 4423 maritis
2601 4381 2728 4419 con-

427 4449 651 4506 iunctae
688 4455 835 4505 sunt.
