3037 4913
1485 206 1555 262 26

354 385 565 463 atque
607 378 785 446 dicta
820 386 1024 464 erant,
1089 379 1538 446 scriberentur.
1602 379 1706 446 his
1753 379 2030 464 cognitis
2073 380 2143 447 in
2184 386 2366 449 tanta
2419 389 2658 451 cetera-

373 500 510 546 rum
554 499 765 547 rerum
804 479 1229 546 similitudine
1271 480 1501 546 Tacito
1563 480 1706 564 ipso
1755 480 2031 546 Dionem
2093 500 2210 566 pro
2257 483 2433 549 fonte
2475 502 2661 551 usum

372 600 514 650 esse
558 581 766 647 denuo
807 580 1136 649 refutatur.
1176 601 1326 648 nam
1368 580 1543 666 apud
1587 581 1862 646 Dionem
1903 581 2202 648 Tiberius
2245 584 2441 650 totius
2485 585 2661 670 prin·

372 682 627 766 eipatus
676 700 837 747 onus
897 700 1173 748 renuens
1215 681 1284 748 in
1328 688 1457 747 tres
1499 688 1737 766 partes,
1803 701 2070 764 quarum
2127 703 2257 750 una
2295 685 2491 751 Italia
2536 687 2661 754 Ro-

372 801 622 866 maque,
687 783 894 848 altera
933 783 1243 866 legioneS,
1305 780 1496 848 tertia
1542 782 1829 865 reliquae
1872 783 2245 867 provinciae
2288 783 2491 851 fuisse
2534 806 2661 852 me-

370 890 715 966 morantur,
750 882 1087 968 imperium
1116 882 1360 966 divisit,
1394 882 1660 948 Tacitus
1686 902 1856 965 vero,
1897 882 2201 965 quoniam
2230 903 2435 967 neque
2460 891 2660 952 totum

372 983 711 1068 imperium
752 1002 960 1066 neque
996 990 1243 1068 partem
1280 983 1476 1049 totius
1522 981 1854 1048 Tiberium
1878 981 2146 1048 subdole
2174 1003 2299 1049 non
2329 1004 2661 1052 recusasse

373 1083 724 1165 constabat,
791 1082 873 1149 de
917 1083 1241 1169 tripartito
1305 1083 1431 1150 isto
1496 1082 1775 1148 scribere
1835 1082 2084 1166 aliquid
2130 1083 2325 1151 inane
2392 1083 2658 1170 putavit.

372 1204 568 1267 quare
617 1204 761 1250 cum
820 1203 937 1270 pro
981 1182 1230 1251 Tiberii
1277 1183 1508 1264 verbiS,
1556 1204 1719 1267 quae
1765 1183 1936 1267 apud
1992 1185 2289 1251 Tacitum
2331 1207 2381 1252 c.
2432 1190 2503 1250 ll
2551 1206 2660 1252 ex-

372 1291 563 1368 stant,
618 1284 880 1351 incertis
941 1283 1079 1349 his:
1144 1283 1433 1376 tproinde
1479 1284 1548 1349 in
1609 1284 1871 1351 civitate
1927 1291 2020 1351 tot
2081 1285 2456 1354 inlustribus
2500 1286 2660 1353 viris

372 1385 650 1452 subnixa
690 1404 819 1450 non
872 1383 957 1449 ad
999 1404 1196 1450 unum
1238 1384 1455 1449 omnia
1501 1383 1839 1467 deferrent,
1877 1386 2094 1470 plures
2139 1385 2398 1454 facilius
2443 1387 2684 1467 munia*

371 1489 467 1556 rei
530 1488 830 1574 publicae
887 1488 1141 1553 sociati-3
1202 1487 1525 1553 laboribus
1588 1478 2037 1554 exsecuturos.³
2135 1486 2279 1567 Dic,
2345 1509 2474 1572 qua
2514 1491 2663 1574 ipsa

369 1588 619 1656 ratione
682 1585 1022 1655 sociandos
1067 1604 1210 1654 esse
1254 1586 1507 1654 labores
1549 1587 1851 1654 Tiberius
1893 1586 2279 1672 simulasset,
2342 1590 2659 1674 proderet,

370 1706 498 1757 non
519 1690 749 1756 Tacito
769 1689 1064 1771 Dionem,
1109 1686 1224 1754 sed
1267 1687 1586 1754 communi
1628 1694 1964 1770 utrumque
1996 1694 2253 1754 auctore
2296 1708 2479 1755 usum
2517 1708 2660 1757 esse

371 1791 595 1857 elucet.

338 1966 343 1972 ,
572 1889 1006 1956 Nihilominus
1037 1889 1320 1956 dixerint
1345 1889 1618 1955 fortasse
1648 1888 1938 1955 nonnulli
1968 1888 2275 1955 maiorem
2319 1909 2461 1955 cum
2491 1889 2657 1972 aliis,

371 2000 503 2058 tum
547 1990 669 2056 hoc
708 1990 852 2056 loco
894 2006 1041 2056 esse
1081 1987 1568 2056 similitudinem
1609 1988 1963 2072 verborum,
2015 2007 2205 2071 quam
2245 2008 2411 2072 quae
2454 2009 2491 2055 e
2534 1990 2659 2054 Ta-

372 2091 500 2157 cito
559 2090 703 2175 ipso
758 2088 1033 2156 Dionem
1077 2090 1429 2175 sumpsisse
1472 2089 1831 2172 negaveris,
1898 2088 2172 2172 ideoque
2240 2089 2343 2174 iis,
2412 2109 2578 2173 quae
2622 2110 2660 2155 e

372 2191 601 2258 Tacito
646 2191 1112 2276 exscripsisset,
1159 2190 1341 2255 illum
1383 2209 1594 2275 pauca
1640 2209 1720 2255 ex
1766 2189 1916 2255 aliis
1962 2189 2244 2256 fontibus
2290 2189 2523 2256 hausta
2565 2190 2659 2255 in·

370 2290 618 2358 fudisse
662 2291 1015 2358 statuerint.
1064 2298 1286 2357 contra
1330 2310 1490 2373 quos
1534 2310 1629 2369 ea,
1670 2309 1836 2372 quae
1879 2289 1961 2354 ab
2004 2295 2271 2372 utroque
2315 2289 2506 2356 simul
2548 2289 2658 2355 iis-

376 2391 523 2459 dem
567 2391 701 2458 fere
747 2390 962 2459 verbis
1006 2392 1248 2477 scripta
1290 2397 1455 2473 sunt,
1502 2390 1668 2456 inter
1712 2409 1781 2474 se
1815 2390 2167 2456 contulisse
2210 2390 2372 2456 satis
2414 2390 2552 2455 erit.
2596 2397 2661 2456 et

371 2495 625 2562 Dionea
657 2494 945 2578 quidem:
988 2491 1338 2585 επαῤῥησίᾳ
1380 2484 1486 2557 αἐί
1528 2514 1692 2556 ποτε
1743 2487 2021 2578 πατρῴᾳ
2066 2541 2079 2556 .
2126 2543 2139 2555 .
2190 2543 2203 2557 .
2250 2542 2265 2557 .
2310 2483 2661 2575 χρώμενος’

373 2594 758 2661 conveniunt
799 2615 941 2661 cum
986 2594 1303 2662 Taciteis:
1347 2592 1813 2684 ‘Pollionisque
1847 2591 2064 2658 Asinii
2106 2593 2311 2678 patris
2355 2593 2659 2659 ferociam

369 2688 708 2762 retineret.³
750 2695 868 2763 sed
893 2696 1110 2761 Taciti
1153 2694 1349 2761 verba
1392 2694 1521 2760 ista
1566 2713 1709 2759 cum
1765 2693 2079 2779 proximis
2125 2692 2482 2779 prioribus:
2526 2745 2539 2757 .
2585 2744 2598 2756 .
2647 2741 2660 2755 .

369 2794 639 2887 tpridem
682 2796 929 2863 invisus
974 2802 1300 2878 tamquam
1350 2795 1544 2862 ducta
1586 2794 1654 2860 in
1701 2793 2175 2860 matrimonium
2224 2793 2539 2879 Vipsania
2579 2792 2660 2857 M.

369 2897 700 2983 Agrippae
744 2897 897 2981 fllia,
943 2917 1107 2981 quae
1148 2896 1473 2981 quondam
1517 2893 1766 2961 Tiberii
1809 2915 1972 2961 uxor
2012 2894 2237 2979 fuerat,
2281 2894 2430 2978 plus
2470 2914 2663 2977 quam

374 2995 597 3063 civilia
641 2990 937 3082 agitaret'
978 2999 1127 3066 laxe
1174 2998 1392 3064 vincta
1432 3002 1595 3061 sunt.
1655 3002 1722 3060 at
1759 2996 1907 3077 Dic,
1952 3015 2094 3061 cum
2137 3015 2256 3061 sua
2298 2995 2489 3079 longe
2530 2993 2664 3060 alio

370 3097 773 3181 maximeque
819 3098 1054 3165 idoneo
1094 3099 1235 3165 loco
1270 3102 1555 3184 poneret,
1597 3115 1726 3163 non
1770 3095 2087 3180 Tacitum,
2132 3094 2249 3162 sed
2290 3095 2505 3162 Taciti
2548 3115 2661 3161 au-

375 3204 613 3264 ctorem
661 3206 916 3265 secutus
964 3205 1079 3265 est.
1133 3199 1410 3281 denique
1451 3216 1569 3283 pro
1608 3214 1758 3263 unos
1782 3197 1927 3263 hoc:
1997 3197 2161 3287 ‘plus
2208 3214 2396 3279 quam
2441 3194 2664 3261 civilia

374 3290 668 3383 agitaret'
712 3299 838 3365 duo
879 3299 1035 3366 ista:
1098 3297 1204 3363 καὶ
1251 3293 1415 3382 ὑπὲρ
1460 3293 1537 3363 τὸ
1581 3296 1917 3384 συμφέρον
1958 3289 2133 3381 αὐτῷ
2177 3298 2288 3375 (sc.
2333 3297 2427 3381 τῷ
2478 3297 2662 3377 Τιβε-

372 3396 523 3484 ρίῳ)
583 3392 917 3482 χρώμενος
995 3407 1060 3465 et
1119 3394 1234 3464 τόν
1310 3418 1382 3462 τε
1466 3400 1765 3483 Δροῦσον
1828 3391 1918 3473 ὥς
1979 3392 2120 3462 υἱὸν
2184 3397 2659 3480 προσεποιεῖτο

369 3498 586 3584 posita
627 3517 771 3565 esse
790 3499 1227 3582 unusquisque
1264 3499 1548 3584 negabit,
1594 3506 1815 3566 contra
1856 3518 1973 3583 pro
2002 3496 2248 3564 duobus
2293 3495 2445 3581 illis,
2490 3516 2654 3581 quae

370 3599 545 3685 apud
567 3617 962 3665 communem
989 3607 1314 3667 auctorem
1355 3599 1532 3666 band
1571 3598 1763 3665 dubie
1795 3598 2177 3676 extitissent,
2209 3617 2405 3665 unum
2452 3597 2661 3664 locum

370 3718 413 3764 a
450 3698 681 3766 Tacito
723 3699 1032 3785 scriptum
1073 3719 1217 3767 esse
1259 3699 1501 3786 optimo
1546 3699 1688 3766 iure
1728 3699 2096 3768 affirmabit.
2317 3739 2326 3746 ·

567 3799 688 3864 His
733 3797 1141 3885 introspectis
1182 3801 1313 3866 iam
1341 3799 1635 3867 conferas
1679 3799 1839 3866 baec
1885 3798 2058 3885 apud
2090 3797 2364 3863 Dionem
2407 3796 2584 3862 LVII
2623 3799 2659 3859 3

371 3901 615 3987 scripta
658 3919 800 3967 cum
843 3901 1058 3968 Taciti
1103 3923 1156 3968 e.
1202 3906 1257 3966 7

451 3994 521 4067 ‘O
560 3986 740 4066 δὀῧν
774 3998 1074 4082 Τιβέριος
1100 4021 1304 4066 ταυτα
1322 3994 1474 4067 τότε

373 4101 588 4170 ἐποίει
649 4124 727 4168 το
789 4100 909 4185 μὲν
961 4100 1132 4167 «scic
1105 4121 1306 4182 ιστον,
1365 4094 1471 4167 ὅτι

375 4199 549 4271 οὕτω
590 4226 661 4269 τε
723 4196 1059 4290 ἐπεφύκει,
1116 4201 1224 4266 καὶ
1288 4196 1468 4268 οὕτω

373 4299 735 4391 προῄρητο,
805 4294 925 4389 ήδη
975 4300 1047 4368 δὲ
1091 4300 1198 4367 καὶ
1243 4297 1346 4370 ὅτι
1390 4298 1472 4367 τά
1649 4305 1864 4373 Causa
1918 4304 2268 4391 praecipua
2312 4321 2395 4372 ex
2448 4299 2662 4368 forni-

374 4425 445 4470 τι·
483 4398 933 4487 στρατεύματα
974 4401 1079 4468 καὶ
1109 4396 1190 4466 τὰ
1219 4407 1469 4470 Havvo
1565 4405 1738 4488 dine,
1782 4425 1864 4473 ne
1889 4403 2327 4488 Germanicus,
2371 4403 2441 4469 in
2483 4398 2665 4467 cuins
