3037 4913
1526 256 1595 307 39

407 424 627 508 disset,
664 431 784 490 aut
822 418 1179 491 stultioreni
1222 425 1441 507 fuisse,
1484 444 1680 507 quam
1721 425 1831 508 qui
1882 444 2038 490 vera
2080 445 2121 489 a
2161 424 2349 490 falsis
2385 425 2700 510 distingu-

407 535 556 606 eret,
600 537 712 593 aut
755 545 879 610 quo
926 524 1183 590 facilius
1225 544 1341 590 nos
1384 524 1734 610 deciperet,
1778 525 1967 591 initio
2012 525 2226 610 operis
2260 545 2508 591 summa
2538 527 2701 593 veri-

407 639 538 697 tate
580 649 725 696 sese
769 649 870 694 res
913 633 1133 711 gestas
1190 625 1573 692 traditurum
1629 625 1990 710 pollicitum
2038 618 2199 691 esse.
2266 636 2490 692 contra
2544 645 2703 709 quos

407 729 649 796 similia
689 728 957 820 Tacitea
998 727 1341 793 afferamus
1379 726 1539 793 haec
1589 725 1735 791 hist.
1781 728 1832 791 I.
1887 732 1942 790 1:

603 828 785 921 <Mihi
829 828 1056 911 Galba,
1102 826 1289 907 Otho,
1336 828 1638 894 Vitellius
1683 848 1793 892 nec
1836 828 2122 908 beneficio
2174 848 2285 892 nec
2328 829 2573 893 iniuria
2608 850 2701 893 co-

402 930 587 1014 ym‘ti.
638 930 1020 1013 dignitatem
1061 938 1344 996 nostram
1387 951 1425 994 a
1445 929 1852 1014 Vespasiano
1896 928 2278 1011 inchoatam,
2323 947 2363 992 a
2404 928 2555 994 Tito
2597 949 2705 995 au-

407 1039 594 1112 ctam,
639 1053 680 1096 a
722 1029 1096 1097 Domitiano
1136 1031 1390 1114 longius
1440 1036 1807 1116 provectam
1853 1047 1980 1094 non
2023 1028 2373 1110 abnuerim,
2449 1028 2565 1095 sed
2608 1030 2703 1095 in-

409 1140 770 1216 corruptam
825 1129 1016 1196 fidem
1060 1131 1370 1214 professis
1416 1150 1534 1196 nec
1577 1148 1792 1195 amore
1849 1128 2190 1210 quisquam
2252 1136 2316 1194 et
2370 1129 2510 1195 sine
2553 1130 2703 1196 odio

408 1232 718 1299 dicendus
762 1223 898 1299 est’.

606 1333 890 1415 DuobuS,
945 1352 1106 1415 quos
1153 1332 1431 1417 scripsit,
1493 1331 1653 1398 locis
1709 1332 1876 1397 inter
1934 1351 2002 1397 se
2055 1332 2307 1399 collatis
2350 1354 2479 1400 non
2523 1335 2702 1401 dubi-

407 1433 663 1515 tabitur,
719 1432 873 1516 quin
919 1434 1105 1501 initio
1149 1433 1499 1499 Annalium
1568 1433 1833 1498 Tacitus
1878 1453 1948 1498 se
1994 1433 2233 1518 quippe
2276 1434 2478 1499 nimio
2522 1454 2563 1498 a
2608 1434 2703 1499 di-

407 1534 628 1600 cendis
669 1534 1060 1618 temporibus
1119 1534 1334 1620 spatio
1381 1533 1772 1599 disiunctum
1827 1532 1937 1612 (.-.-..-
1983 1551 2250 1615 quorum
2295 1554 2524 1601 causas
2550 1556 2704 1617 pro-

406 1635 507 1727 cul
547 1633 781 1716 habeo)
825 1653 1034 1719 neque
1075 1634 1365 1718 iniurias,
1437 1633 1607 1701 unde
1654 1633 1972 1702 invideret
2018 1633 2424 1719 Caesaribus,
2497 1656 2703 1718 neque

405 1736 716 1802 beneficia
760 1738 892 1803 ulla
935 1736 1281 1820 accepisse,
1334 1733 1502 1800 unde
1547 1735 1808 1814 faveret,
1860 1733 2019 1799 talia
2063 1736 2497 1802 tantummodo
2547 1736 2702 1802 scri-

408 1836 624 1922 pserit.
669 1856 866 1920 quare
897 1852 1210 1905 summam
1236 1834 1547 1901 historiae
1578 1833 1913 1900 veritatem
1943 1854 2013 1899 se
2043 1834 2500 1918 praestiturum
2528 1836 2703 1901 nullo

405 1936 602 2002 verbo
626 1935 733 2002 ait.
781 1935 899 2001 sed
942 1956 1107 2020 quae
1151 1934 1512 2001 recentibus
1558 1933 1727 1999 odiis
1774 1934 2130 2018 composita
2176 1940 2376 2019 erant,
2419 1935 2505 2001 ad
2539 1936 2704 2003 veri·

296 2098 301 2103 ,
407 2043 606 2102 tatem
650 2058 857 2103 rerum
902 2058 971 2103 se
1015 2037 1420 2104 reducturum
1456 2037 1783 2123 pollicitus
1815 2037 2075 2121 singula
2105 2036 2421 2119 quaedam
2443 2037 2705 2103 Tiberio

408 2137 921 2205 invidiosissima
964 2139 1290 2205 deleverit.
1340 2146 1622 2206 attamen
1667 2159 2053 2222 quamquam
2085 2160 2226 2205 cum
2251 2140 2411 2205 haec
2446 2139 2706 2223 delevit,

407 2245 540 2304 tum
584 2238 992 2324 paucissimis
1038 2240 1198 2305 locis
1243 2246 1307 2305 et
1349 2239 1693 2324 primarios
1735 2239 1947 2306 fontes
1980 2238 2145 2306 adiit
2189 2247 2256 2306 et
2285 2262 2321 2306 e
2351 2261 2469 2306 sua
2494 2262 2705 2308 rerum

409 2337 682 2403 scientia
734 2346 844 2404 aut
897 2360 978 2404 ex
1032 2340 1303 2405 aliorum
1349 2340 1611 2424 scriptis
1664 2340 2022 2406 narrationi
2066 2342 2375 2408 nonnulla
2419 2342 2705 2425 inseruit,

410 2459 710 2523 magnam
756 2439 1201 2507 auctoritatem
1243 2440 1558 2508 historiae
1605 2461 1732 2508 non
1775 2440 2115 2526 praestitit.
2159 2461 2307 2507 nam
2334 2441 2507 2508 —id
2536 2441 2708 2525 quod

409 2546 666 2626 nostrae
711 2540 944 2607 aetatis
988 2542 1406 2626 scriptoribus
1452 2542 1684 2607 mirum
1727 2550 1825 2608 est
1872 2580 1945 2587 —-
1996 2562 2076 2607 ex
2118 2561 2244 2609 uno
2289 2562 2491 2627 eoque
2541 2544 2706 2610 deri-

408 2647 557 2705 vato
604 2641 778 2706 fonte
823 2642 1127 2725 pleraque
1171 2643 1314 2727 ipse
1358 2641 1693 2708 derivavit.

604 2744 704 2808 De
744 2743 1012 2826 ratione,
1044 2762 1208 2825 quae
1240 2743 1405 2808 inter
1434 2742 1732 2808 Tacitum
1761 2742 2027 2826 eiusque
2067 2751 2389 2809 auctorem
2437 2743 2704 2812 interce·
2738 2770 2742 2774 ·

413 2844 541 2925 dat,
586 2844 746 2909 haec
790 2842 1048 2926 quidem
1093 2842 1417 2909 hactenus.
1460 2842 1577 2908 sed
1621 2849 1862 2926 quanta
1885 2842 2046 2908 fides
2064 2843 2277 2912 Taciti
2323 2845 2569 2915 auctori
2599 2846 2707 2912 tri-

280 3027 300 3036 -
408 2944 664 3011 buenda
689 2945 791 3028 sit,
834 2946 994 3011 haec
1042 2944 1314 3010 iudicari
1361 2953 1424 3010 et
1465 2943 1779 3030 perpendi
1821 2951 1954 3009 tum
1996 2943 2250 3010 demum
2276 2946 2512 3030 licebit,
2559 2967 2702 3014 cum

413 3045 692 3113 omnium
733 3065 849 3112 sex
893 3045 1216 3128 librorum,
1273 3044 1506 3128 quibus
1552 3043 1903 3110 Tiberiana
1948 3051 2237 3129 tempora
2284 3044 2551 3111 Tacitus
2597 3046 2705 3111 ab·

411 3149 620 3231 solvit,
664 3148 872 3215 fontes
914 3145 1149 3211 reclusi
1194 3152 1392 3211 erunt.
