3037 4913
1477 267 1547 318 30

365 439 560 506 istum
602 433 928 520 petivisse,
975 433 1145 501 unde
1189 435 1317 500 iam
1360 435 1556 502 totius
1594 434 1867 519 Augusti
1913 435 2314 550 principatus
2363 435 2663 506 notitiam

365 538 699 624 petiverat.
745 533 903 600 haec
945 534 1002 599 si
1033 543 1203 601 recte
1233 517 1871 619 consideraverimus,
1915 535 1983 606 in
2011 542 2194 606 tauta
2235 535 2661 612 similitudine

370 637 687 714 communi
736 643 1070 730 utrumque
1113 643 1371 702 auctore
1419 655 1604 704 usum
1648 656 1790 703 esse
1836 642 2205 704 statuemus.

569 736 694 818 Qui
726 742 946 802 auctor
989 723 1163 802 haud
1193 735 1387 804 dubie
1424 737 1603 816 talia,
1650 737 1870 819 qualia
1905 759 1945 800 a
1980 736 2191 808 Dione
2236 737 2387 804 inde
2429 757 2511 804 ex
2556 736 2661 806 his

370 865 419 907 e.
465 845 579 908 44:
645 831 999 924 κεφάλαιον
1044 834 1113 899 δὲ
1163 833 1267 922 ἐφ’
1324 830 1570 900 ἅπασιν
1624 826 1845 912 aviron:
1901 831 2130 923 γράφω
2175 844 2450 921 exstant,
2517 837 2660 921 ipse

368 941 732 1028 scripserat.
774 944 841 1003 at
884 937 1113 1006 mirum
1158 943 1271 1016 est,
1320 936 1491 1020 quod
1533 937 1661 1004 Dio
1705 936 1951 1006 meritis
1995 937 2267 1021 Augusti
2313 960 2364 1004 c.
2412 941 2663 1008 43--44

368 1062 563 1109 unum
626 1040 744 1110 sub
791 1043 1120 1122 aspectum
1184 1035 1491 1104 subiectis
1548 1056 1957 1121 ⁴nequaquam
2024 1036 2213 1104 finem
2283 1037 2434 1102 libri
2487 1037 2660 1120 fecit,

369 1143 485 1212 sed
528 1142 800 1207 aliarum
846 1157 1057 1204 rerum
1098 1137 1472 1204 memoriam
1516 1159 1566 1202 c.
1613 1141 1859 1204 45-46
1908 1136 2179 1204 addidit.
2225 1137 2386 1206 haec
2425 1138 2661 1207 miran-

368 1244 541 1312 tibus
586 1240 772 1308 nobis
818 1238 984 1304 inter
1027 1258 1097 1304 se
1147 1235 1580 1323 comparanda
1623 1245 1802 1303 sunt.

452 1365 504 1416 c.
552 1348 661 1406 45.
733 1341 1053 1408 τοσοῦτον
1128 1324 1310 1403 ὄόυν
1389 1334 1464 1400 wi
1649 1361 1699 1405 c.
1750 1344 1856 1404 10:
1902 1359 1985 1404 ne
2032 1339 2363 1410 Tiberium
2405 1339 2664 1422 quidem

369 1437 633 1528 σύμπαν
735 1431 987 1523 αλλήλω
1117 1425 1464 1525 διήνεγκαν,
1564 1442 1834 1508 caritate
1883 1447 1992 1506 aut
2037 1440 2130 1505 rei
2167 1438 2466 1524 publicae
2509 1460 2667 1512 eura

369 1537 539 1609 ω’στε
589 1535 764 1617 τιιάς
804 1539 911 1604 καὶ
958 1537 1023 1616 ἒς
1064 1533 1181 1602 τὸν
1201 1527 1464 1620 Λόγοι·-
1561 1539 2665 1655 successoremadscitum,sedqu0n-

372 1667 529 1710 στω
560 1637 996 1722 ὑποπτεῦσαι,
1040 1632 1139 1703 ότι
1180 1636 1461 1724 egeni-zv]
1563 1642 1692 1707 iam
1766 1640 2212 1725 adrogantiam
2298 1640 2663 1708 saevitiam-

372 1744 480 1821 ὃες
533 1736 648 1806 τὸν
716 1738 1036 1824 Τιβέριον,
1099 1738 1336 1823 καίπερ
1399 1735 1472 1805 εὖ
1568 1761 1690 1824 que
1756 1740 1894 1807 eius
1960 1742 2434 1825 introspexerit,
2497 1761 2663 1810 eom-

372 1839 563 1921 εἶδιὸς
650 1837 891 1920 ὁποῖος
971 1828 1079 1926 ἦν,
1166 1834 1473 1921 διάδοχοι
1566 1841 1901 1955 paratione
1962 1841 2304 1908 deterrima
2358 1841 2483 1910 sibi
2529 1842 2667 1925 glo-

373 1941 729 2023 ἀπέδειξεν,
763 1943 869 2008 ἵνα
913 1967 983 2006 αι
983 1964 1108 2020 zoe
1131 1964 1201 2006 ει
1184 1932 1469 2028 ’δοξὴσῃ.
1568 1940 1731 2006 riam
1772 1943 2189 2024 quaesivisse.
2236 1939 2497 2029 [etenim
2537 1943 2664 2010 Au-

373 2045 574 2106 ταῦτα
658 2043 776 2123 μὲν
860 2038 938 2132 δὴ
1010 2027 1124 2108 οὖν
1200 2036 1474 2123 ὕστερον
1565 2049 1792 2125 gustus
1829 2080 1910 2088 --
1957 2042 2415 2129 exprobraret]

374 2142 721 2226 διαθροεῖν
763 2131 1062 2227 ἤρξαντο.

461 2265 511 2310 e.
558 2249 663 2308 46·
718 2236 904 2309 Τότε
928 2244 999 2309 δὲ
1036 2236 1471 2310 αθανατίσαν·
1656 2249 1763 2308 11·
1751 2294 1764 2308 .
1782 2199 2110 2312 Ceterum
2137 2245 2468 2330 sepultura
2493 2261 2668 2310 more

375 2367 484 2424 τες
521 2336 717 2409 αυτὸν
762 2395 774 2410 .
824 2396 836 2408 .
881 2395 892 2408 .
940 2395 952 2409 .
1565 2343 1852 2429 perfecta
1892 2345 2199 2430 templum
2244 2351 2307 2412 et
2353 2343 2667 2412 caelestes

1565 2444 1913 2531 religiones
1957 2444 2395 2517 decernuntur.

580 2544 766 2613 Unde
812 2546 1050 2613 factum
1091 2545 1195 2624 sit,
1238 2550 1309 2609 ut
1334 2543 1532 2609 verba
1570 2547 1774 2609 ταῦτα
1802 2542 1922 2626 μὲν
1963 2540 2043 2631 δὴ
2072 2531 2186 2610 οὖν
2225 2539 2499 2625 ὕστερον
2535 2544 2671 2611 δια·

379 2648 617 2727 θροεῖν
678 2634 954 2729 ἤρξαντο
1045 2645 1171 2710 Dio
1230 2645 1614 2731 scripsisset,
1680 2647 1748 2713 in
1814 2654 1994 2715 tanto
2052 2648 2381 2730 utriusque
2424 2664 2670 2715 conexu

382 2744 641 2813 omnino
677 2765 805 2811 non
845 2745 1184 2829 intelliges,
1227 2745 1354 2815 nisi
1385 2745 1749 2829 insequenti
1779 2749 2058 2816 auctoris
2099 2748 2264 2814 libro
2308 2748 2546 2833 quippe
2584 2747 2673 2815 de

388 2846 637 2911 Tiberii
695 2845 1063 2932 principatu
1118 2845 1357 2930 scripto
1398 2847 1675 2912 Dionem
1735 2848 1862 2914 hoc
1923 2850 2065 2914 loco
2111 2868 2295 2917 usum
2360 2867 2502 2929 esse
2545 2855 2672 2917 sta-

381 2947 599 3015 tueris.
646 2946 713 3013 id
761 2945 932 3029 quod
975 2946 1252 3013 maxime
1297 2947 1707 3014 confirmatur
1749 2948 1950 3019 hisce:

466 3068 517 3113 c.
564 3050 676 3111 46·
737 3040 940 3110 ταῦτά
980 3069 1051 3110 τε
1096 3069 1270 3131 αυτῳ
1315 3045 1479 3131 ἔψη·
1664 3053 1770 3112 15:
1811 3048 1977 3115 inter
2000 3069 2165 3133 quae
2192 3048 2432 3117 tribuni
2458 3022 2673 3137 plebei

383 3145 622 3233 φίσθη,
667 3144 772 3213 καὶ
819 3141 902 3209 όπ
916 3170 1006 3223 ως
1039 3194 1367 3213 ······
1401 3141 1481 3208 τὰ
1573 3148 1874 3232 petivere,
1936 3157 2007 3215 ut
2084 3151 2344 3236 proprio
2417 3156 2672 3266 sumptu

382 3239 845 3330 Αὖγουστὰλια
890 3239 948 3306 οἱ
994 3239 1332 3329 δήμαρχοι,
1393 3241 1483 3322 ὥς
1576 3247 1839 3317 ederent
1879 3250 2087 3333 ludos,
2130 3250 2240 3333 qui
2290 3251 2369 3319 de
2413 3250 2672 3321 nomine

384 3344 490 3413 καὶ
536 3340 961 3431 ἱεροπρεπεῖς
1014 3334 1213 3421 ὄντες,
1279 3345 1484 3409 ὁιατι-
1575 3349 1849 3437 Augusti
1897 3350 2085 3419 fastis
2118 3348 2325 3419 additi
2353 3350 2671 3434 Augusta-

385 3449 584 3515 θῶσι.
650 3450 753 3515 καὶ
828 3438 889 3507 οἳ
966 3442 1084 3525 μὲν
1148 3438 1230 3509 τὰ
1303 3433 1484 3521 ἄλλα,
1576 3448 1673 3515 les
1748 3456 2140 3517 vocarentur.
2228 3449 2343 3519 sed
2416 3448 2676 3519 decreta

388 3543 614 3631 ὥσπερ
641 3542 892 3622 εἰώθει,
919 3543 1252 3635 γίγνεσθαι
1288 3540 1487 3626 ἔπρα·
1576 3547 1854 3631 pecunia
1899 3570 1981 3615 ex
2033 3550 2282 3616 aerario
2337 3555 2522 3632 utque
2555 3568 2674 3631 per

390 3649 529 3733 ξαν·
576 3645 710 3710 καὶ
749 3640 892 3731 γὰρ
928 3646 1016 3734 τῇ
1047 3641 1346 3728 ἐσθῆτι
1390 3646 1484 3732 τῇ
1576 3648 1811 3715 circum
1850 3648 2219 3730 triumphali
2248 3654 2410 3717 veste
2435 3654 2675 3715 uterere-

391 3744 768 3832 ἑπινικίῳ
816 3743 892 3811 ἒν
934 3747 1025 3833 τῇ
1087 3738 1482 3827 ιπποδρο
1576 3753 1697 3826 tur,
1757 3768 1947 3813 curru
2001 3747 2137 3813 vehi
2190 3746 2362 3813 haud
2402 3751 2675 3830 permis-

388 3846 533 3937 μίᾳ
606 3840 1080 3931 ἐχρήσαντο·
1168 3835 1259 3909 οὖ
1321 3841 1490 3925 μέν·
1576 3866 1732 3911 sum

389 3972 516 4014 τοι
558 3946 690 4013 καὶ
723 3948 877 4010 τοῦ
912 3939 1284 4029 ἅρματος
1316 3940 1486 4006 ἐπέ-

390 4053 666 4137 βησαπ

393 4149 669 4233 denique
709 4165 1053 4222 monemus,
1121 4143 1292 4226 quod
1352 4143 1490 4211 ludi
1534 4146 1939 4235 Augustales,
2009 4166 2169 4229 quos
2229 4152 2362 4212 tum
2420 4144 2679 4231 quidem

393 4247 774 4314 histrionum
836 4244 1160 4319 discordia
1207 4244 1506 4326 turbavit,
1577 4246 1646 4315 in
1699 4255 1981 4317 extremo
2040 4246 2278 4315 Dionei
2335 4245 2489 4313 libri
2531 4245 2679 4329 LVI

397 4348 609 4437 capite
647 4340 1003 4423 narrantur.
1059 4346 1190 4417 iam
1229 4367 1381 4417 vero
1430 4346 1630 4421 iidem
1673 4348 1811 4421 ludi
1862 4348 2047 4421 initio
2102 4346 2341 4419 mensis
2385 4345 2679 4417 Octobris

398 4438 701 4539 celebrati
758 4467 922 4545 cap,
942 4452 1041 4527 44,
1095 4468 1220 4531 quo
1263 4455 1546 4517 extremo
1588 4469 1691 4519 res
1735 4469 1902 4519 anno
1949 4452 2027 4513 14
2067 4454 2291 4543 gestae
2326 4446 2681 4537 produntur

2982 1707 2998 1760 b.
