<?xml version="1.0" encoding="UTF-8"?>
<!DOCTYPE html PUBLIC "-//W3C//DTD XHTML 1.0 Transitional//EN"
    "http://www.w3.org/TR/xhtml1/DTD/xhtml1-transitional.dtd">
<html xmlns="http://www.w3.org/1999/xhtml" xml:lang="en" lang="en">
 <head>
  <title>
</title>
<meta http-equiv="Content-Type" content="text/html;charset=utf-8" />
  <meta name='ocr-system' content='tesseract 3.04.00' />
  <meta name='ocr-capabilities' content='ocr_page ocr_carea ocr_par ocr_line ocrx_word'/>
</head>
<body>
  <div class='ocr_page' id='page_1' title='image "./detacitifontibu00froigoog_0017.png"; bbox 0 0 3037 4913; ppageno 0'>
   <div class='ocr_carea' id='block_1_1' title="bbox 1502 242 1565 293">
    <p class='ocr_par' dir='ltr' id='par_1_1' title="bbox 1502 242 1565 293">
     <span class='ocr_line' id='line_1_1' title="bbox 1502 242 1565 293; baseline 0 0"><span class='ocrx_word' id='word_1_1' title='bbox 1502 242 1565 293; x_wconf 90' lang='lat'>11</span> 
     </span>
    </p>
   </div>
   <div class='ocr_carea' id='block_1_2' title="bbox 309 410 2769 4518">
    <p class='ocr_par' dir='ltr' id='par_1_2' title="bbox 309 410 2769 2510">
     <span class='ocr_line' id='line_1_2' title="bbox 582 410 2677 498; baseline -0.001 -20"><span class='ocrx_word' id='word_1_2' title='bbox 582 414 676 478; x_wconf 87' lang='lat' dir='ltr'>Ac</span> <span class='ocrx_word' id='word_1_3' title='bbox 717 413 992 498; x_wconf 88' lang='lat' dir='ltr'>primum</span> <span class='ocrx_word' id='word_1_4' title='bbox 1050 413 1307 495; x_wconf 81' lang='lat' dir='ltr'>quidem</span> <span class='ocrx_word' id='word_1_5' title='bbox 1365 413 1494 486; x_wconf 87' lang='lat' dir='ltr'>Dio</span> <span class='ocrx_word' id='word_1_6' title='bbox 1536 413 1618 478; x_wconf 90' lang='lat' dir='ltr'>ab</span> <span class='ocrx_word' id='word_1_7' title='bbox 1665 413 1851 478; x_wconf 85' lang='lat' dir='ltr'>initio</span> <span class='ocrx_word' id='word_1_8' title='bbox 1909 434 1960 477; x_wconf 93' lang='lat' dir='ltr'>c.</span> <span class='ocrx_word' id='word_1_9' title='bbox 2008 415 2048 473; x_wconf 91' lang='grc'>4</span> <span class='ocrx_word' id='word_1_10' title='bbox 2088 431 2289 494; x_wconf 89' lang='lat' dir='ltr'>usque</span> <span class='ocrx_word' id='word_1_11' title='bbox 2350 410 2435 476; x_wconf 87' lang='lat' dir='ltr'>ad</span> <span class='ocrx_word' id='word_1_12' title='bbox 2487 411 2677 477; x_wconf 81' lang='lat' dir='ltr'>finem</span> 
     </span>
     <span class='ocr_line' id='line_1_3' title="bbox 391 511 2680 591; baseline -0.001 -13"><span class='ocrx_word' id='word_1_13' title='bbox 391 535 440 578; x_wconf 92' lang='lat' dir='ltr'>c.</span> <span class='ocrx_word' id='word_1_14' title='bbox 488 518 523 575; x_wconf 83' lang='grc'>6</span> <span class='ocrx_word' id='word_1_15' title='bbox 569 534 712 578; x_wconf 90' lang='lat' dir='ltr'>cum</span> <span class='ocrx_word' id='word_1_16' title='bbox 758 513 989 577; x_wconf 87' lang='lat' dir='ltr'>Tacito</span> <span class='ocrx_word' id='word_1_17' title='bbox 1038 533 1089 577; x_wconf 94' lang='lat' dir='ltr'>c.</span> <span class='ocrx_word' id='word_1_18' title='bbox 1148 518 1386 575; x_wconf 48' lang='lat' dir='ltr'>lsi—52</span> <span class='ocrx_word' id='word_1_19' title='bbox 1431 513 1526 580; x_wconf 90' lang='lat' dir='ltr'>ita</span> <span class='ocrx_word' id='word_1_20' title='bbox 1566 514 1899 591; x_wconf 78' lang='lat' dir='ltr'>consentit,</span> <span class='ocrx_word' id='word_1_21' title='bbox 1947 520 2013 578; x_wconf 94' lang='lat' dir='ltr'>ut</span> <span class='ocrx_word' id='word_1_22' title='bbox 2057 532 2137 577; x_wconf 85' lang='lat' dir='ltr'>ex</span> <span class='ocrx_word' id='word_1_23' title='bbox 2177 511 2400 577; x_wconf 86' lang='lat' dir='ltr'>eodem</span> <span class='ocrx_word' id='word_1_24' title='bbox 2447 517 2680 576; x_wconf 83' lang='lat' dir='ltr'>utrum-</span> 
     </span>
     <span class='ocr_line' id='line_1_4' title="bbox 389 610 2680 696; baseline -0.001 -18"><span class='ocrx_word' id='word_1_25' title='bbox 389 623 511 695; x_wconf 86' lang='lat' dir='ltr'>que</span> <span class='ocrx_word' id='word_1_26' title='bbox 558 615 733 679; x_wconf 86' lang='lat' dir='ltr'>fonte</span> <span class='ocrx_word' id='word_1_27' title='bbox 777 611 1074 679; x_wconf 73' lang='lat' dir='ltr'>hausisse</span> <span class='ocrx_word' id='word_1_28' title='bbox 1107 613 1371 678; x_wconf 83' lang='lat' dir='ltr'>eluceat.</span> <span class='ocrx_word' id='word_1_29' title='bbox 1418 613 1534 680; x_wconf 91' lang='lat' dir='ltr'>sed</span> <span class='ocrx_word' id='word_1_30' title='bbox 1575 624 1736 696; x_wconf 85' lang='lat' dir='ltr'>cuni,</span> <span class='ocrx_word' id='word_1_31' title='bbox 1776 633 1944 696; x_wconf 81' lang='lat' dir='ltr'>quae</span> <span class='ocrx_word' id='word_1_32' title='bbox 1975 613 2047 678; x_wconf 88' lang='lat' dir='ltr'>in</span> <span class='ocrx_word' id='word_1_33' title='bbox 2071 611 2286 678; x_wconf 84' lang='lat' dir='ltr'>media</span> <span class='ocrx_word' id='word_1_34' title='bbox 2314 610 2680 678; x_wconf 79' lang='lat' dir='ltr'>narratione</span> 
     </span>
     <span class='ocr_line' id='line_1_5' title="bbox 391 711 2680 796; baseline -0 -18"><span class='ocrx_word' id='word_1_35' title='bbox 391 713 713 779; x_wconf 85' lang='lat' dir='ltr'>contraria</span> <span class='ocrx_word' id='word_1_36' title='bbox 753 712 1099 795; x_wconf 80' lang='lat' dir='ltr'>tradidere,</span> <span class='ocrx_word' id='word_1_37' title='bbox 1143 721 1409 796; x_wconf 87' lang='lat' dir='ltr'>uterque</span> <span class='ocrx_word' id='word_1_38' title='bbox 1451 714 1644 780; x_wconf 88' lang='lat' dir='ltr'>simul</span> <span class='ocrx_word' id='word_1_39' title='bbox 1683 734 1717 777; x_wconf 91' lang='lat' dir='ltr'>e</span> <span class='ocrx_word' id='word_1_40' title='bbox 1765 734 1930 779; x_wconf 83' lang='lat' dir='ltr'>novo</span> <span class='ocrx_word' id='word_1_41' title='bbox 1959 713 2088 778; x_wconf 86' lang='lat' dir='ltr'>alio</span> <span class='ocrx_word' id='word_1_42' title='bbox 2127 719 2384 778; x_wconf 84' lang='lat' dir='ltr'>auctore</span> <span class='ocrx_word' id='word_1_43' title='bbox 2413 711 2680 795; x_wconf 80' lang='lat' dir='ltr'>petiisse</span> 
     </span>
     <span class='ocr_line' id='line_1_6' title="bbox 386 813 2681 902; baseline -0.001 -24"><span class='ocrx_word' id='word_1_44' title='bbox 386 813 648 902; x_wconf 87' lang='lat' dir='ltr'>minime</span> <span class='ocrx_word' id='word_1_45' title='bbox 711 814 1035 898; x_wconf 86' lang='lat' dir='ltr'>putandus</span> <span class='ocrx_word' id='word_1_46' title='bbox 1103 815 1206 898; x_wconf 87' lang='lat' dir='ltr'>sit,</span> <span class='ocrx_word' id='word_1_47' title='bbox 1275 816 1435 881; x_wconf 80' lang='lat' dir='ltr'>alter</span> <span class='ocrx_word' id='word_1_48' title='bbox 1500 835 1694 880; x_wconf 90' lang='lat' dir='ltr'>unum</span> <span class='ocrx_word' id='word_1_49' title='bbox 1760 814 1971 896; x_wconf 87' lang='lat' dir='ltr'>illum,</span> <span class='ocrx_word' id='word_1_50' title='bbox 2034 833 2222 895; x_wconf 90' lang='lat' dir='ltr'>quem</span> <span class='ocrx_word' id='word_1_51' title='bbox 2285 831 2681 877; x_wconf 84' lang='lat' dir='ltr'>communem</span> 
     </span>
     <span class='ocr_line' id='line_1_7' title="bbox 391 912 2683 998; baseline -0.001 -19"><span class='ocrx_word' id='word_1_52' title='bbox 391 914 721 998; x_wconf 86' lang='lat' dir='ltr'>appellare</span> <span class='ocrx_word' id='word_1_53' title='bbox 794 915 1258 996; x_wconf 54' lang='lat' dir='ltr'>consuevimus</span> <span class='ocrx_word' id='word_1_54' title='bbox 1326 922 1648 981; x_wconf 75' lang='lat' dir='ltr'>auctorem</span> <span class='ocrx_word' id='word_1_55' title='bbox 1718 931 1916 996; x_wconf 87' lang='lat' dir='ltr'>usque</span> <span class='ocrx_word' id='word_1_56' title='bbox 1985 913 2068 978; x_wconf 88' lang='lat' dir='ltr'>ad</span> <span class='ocrx_word' id='word_1_57' title='bbox 2117 914 2308 978; x_wconf 84' lang='lat' dir='ltr'>finem</span> <span class='ocrx_word' id='word_1_58' title='bbox 2350 931 2466 996; x_wconf 88' lang='lat' dir='ltr'>pro</span> <span class='ocrx_word' id='word_1_59' title='bbox 2510 912 2683 977; x_wconf 84' lang='lat' dir='ltr'>sonte</span> 
     </span>
     <span class='ocr_line' id='line_1_8' title="bbox 389 1010 2681 1096; baseline -0.001 -16"><span class='ocrx_word' id='word_1_60' title='bbox 389 1014 738 1080; x_wconf 83' lang='lat' dir='ltr'>retinuerit.</span> <span class='ocrx_word' id='word_1_61' title='bbox 801 1014 1114 1096; x_wconf 84' lang='lat' dir='ltr'>fingamus</span> <span class='ocrx_word' id='word_1_62' title='bbox 1163 1017 1438 1079; x_wconf 86' lang='lat' dir='ltr'>Dionem</span> <span class='ocrx_word' id='word_1_63' title='bbox 1490 1035 1684 1080; x_wconf 89' lang='lat' dir='ltr'>unum</span> <span class='ocrx_word' id='word_1_64' title='bbox 1726 1015 1916 1080; x_wconf 91' lang='lat' dir='ltr'>istum</span> <span class='ocrx_word' id='word_1_65' title='bbox 1958 1014 2316 1080; x_wconf 77' lang='lat' dir='ltr'>retinuisse.</span> <span class='ocrx_word' id='word_1_66' title='bbox 2380 1010 2532 1077; x_wconf 87' lang='lat' dir='ltr'>inde</span> <span class='ocrx_word' id='word_1_67' title='bbox 2573 1032 2681 1077; x_wconf 89' lang='lat' dir='ltr'>ne·</span> 
     </span>
     <span class='ocr_line' id='line_1_9' title="bbox 388 1114 2682 1197; baseline -0.001 -17"><span class='ocrx_word' id='word_1_68' title='bbox 388 1115 668 1182; x_wconf 75' lang='lat' dir='ltr'>cessario</span> <span class='ocrx_word' id='word_1_69' title='bbox 696 1115 955 1197; x_wconf 87' lang='lat' dir='ltr'>quidem</span> <span class='ocrx_word' id='word_1_70' title='bbox 997 1117 1255 1192; x_wconf 87' lang='lat' dir='ltr'>accidit,</span> <span class='ocrx_word' id='word_1_71' title='bbox 1301 1124 1368 1182; x_wconf 92' lang='lat' dir='ltr'>ut</span> <span class='ocrx_word' id='word_1_72' title='bbox 1409 1117 1477 1181; x_wconf 89' lang='lat' dir='ltr'>in</span> <span class='ocrx_word' id='word_1_73' title='bbox 1516 1117 1997 1182; x_wconf 85' lang='lat' dir='ltr'>conscribendis</span> <span class='ocrx_word' id='word_1_74' title='bbox 2038 1137 2088 1181; x_wconf 90' lang='lat' dir='ltr'>c.</span> <span class='ocrx_word' id='word_1_75' title='bbox 2134 1120 2381 1180; x_wconf 80' lang='lat'>40—-50</span> <span class='ocrx_word' id='word_1_76' title='bbox 2417 1114 2682 1179; x_wconf 83' lang='lat' dir='ltr'>Tacitus</span> 
     </span>
     <span class='ocr_line' id='line_1_10' title="bbox 388 1215 2677 1303; baseline 0 -24"><span class='ocrx_word' id='word_1_77' title='bbox 388 1215 586 1281; x_wconf 88' lang='lat' dir='ltr'>alium</span> <span class='ocrx_word' id='word_1_78' title='bbox 643 1217 884 1300; x_wconf 86' lang='lat' dir='ltr'>quippe</span> <span class='ocrx_word' id='word_1_79' title='bbox 954 1219 1271 1283; x_wconf 90' lang='lat' dir='ltr'>communi</span> <span class='ocrx_word' id='word_1_80' title='bbox 1326 1219 1571 1286; x_wconf 88' lang='lat' dir='ltr'>auctori</span> <span class='ocrx_word' id='word_1_81' title='bbox 1625 1220 1819 1303; x_wconf 90' lang='lat' dir='ltr'>plane</span> <span class='ocrx_word' id='word_1_82' title='bbox 1872 1226 2335 1302; x_wconf 85' lang='lat' dir='ltr'>repugnantem</span> <span class='ocrx_word' id='word_1_83' title='bbox 2395 1215 2677 1299; x_wconf 82' lang='lat' dir='ltr'>exscrip-</span> 
     </span>
     <span class='ocr_line' id='line_1_11' title="bbox 309 1315 2684 1402; baseline 0.001 -23"><span class='ocrx_word' id='word_1_84' title='bbox 309 1329 314 1332; x_wconf 72' lang='grc'>’</span> <span class='ocrx_word' id='word_1_85' title='bbox 388 1315 597 1382; x_wconf 85' lang='lat' dir='ltr'>sisset.</span> <span class='ocrx_word' id='word_1_86' title='bbox 640 1316 757 1381; x_wconf 91' lang='lat' dir='ltr'>sed</span> <span class='ocrx_word' id='word_1_87' title='bbox 798 1318 950 1384; x_wconf 89' lang='lat' dir='ltr'>talis</span> <span class='ocrx_word' id='word_1_88' title='bbox 991 1318 1383 1384; x_wconf 83' lang='lat' dir='ltr'>tradentium</span> <span class='ocrx_word' id='word_1_89' title='bbox 1411 1319 1853 1400; x_wconf 74' lang='lat' dir='ltr'>dissensioniS,</span> <span class='ocrx_word' id='word_1_90' title='bbox 1905 1340 2031 1402; x_wconf 87' lang='lat' dir='ltr'>qua</span> <span class='ocrx_word' id='word_1_91' title='bbox 2077 1319 2254 1384; x_wconf 87' lang='lat' dir='ltr'>nulla</span> <span class='ocrx_word' id='word_1_92' title='bbox 2303 1318 2436 1383; x_wconf 87' lang='lat' dir='ltr'>alia</span> <span class='ocrx_word' id='word_1_93' title='bbox 2476 1316 2684 1381; x_wconf 86' lang='lat' dir='ltr'>maior</span> 
     </span>
     <span class='ocr_line' id='line_1_12' title="bbox 390 1416 2682 1505; baseline 0 -25"><span class='ocrx_word' id='word_1_94' title='bbox 390 1416 621 1498; x_wconf 82' lang='lat' dir='ltr'>extitit,</span> <span class='ocrx_word' id='word_1_95' title='bbox 666 1417 777 1497; x_wconf 90' lang='lat' dir='ltr'>qui</span> <span class='ocrx_word' id='word_1_96' title='bbox 816 1438 1003 1483; x_wconf 87' lang='lat' dir='ltr'>verus</span> <span class='ocrx_word' id='word_1_97' title='bbox 1046 1418 1387 1505; x_wconf 84' lang='lat' dir='ltr'>historicus</span> <span class='ocrx_word' id='word_1_98' title='bbox 1433 1419 1562 1485; x_wconf 88' lang='lat' dir='ltr'>dici</span> <span class='ocrx_word' id='word_1_99' title='bbox 1593 1421 1882 1503; x_wconf 79' lang='lat' dir='ltr'>voluerit3</span> <span class='ocrx_word' id='word_1_100' title='bbox 1923 1418 2309 1485; x_wconf 87' lang='lat' dir='ltr'>mentionem</span> <span class='ocrx_word' id='word_1_101' title='bbox 2332 1417 2543 1483; x_wconf 85' lang='lat' dir='ltr'>facere</span> <span class='ocrx_word' id='word_1_102' title='bbox 2574 1416 2682 1481; x_wconf 88' lang='lat' dir='ltr'>de·</span> 
     </span>
     <span class='ocr_line' id='line_1_13' title="bbox 386 1515 2678 1604; baseline 0 -24"><span class='ocrx_word' id='word_1_103' title='bbox 386 1515 511 1581; x_wconf 90' lang='lat' dir='ltr'>bet.</span> <span class='ocrx_word' id='word_1_104' title='bbox 558 1517 741 1584; x_wconf 90' lang='lat' dir='ltr'>cuius</span> <span class='ocrx_word' id='word_1_105' title='bbox 785 1518 1209 1585; x_wconf 78' lang='lat' dir='ltr'>dissensionis</span> <span class='ocrx_word' id='word_1_106' title='bbox 1254 1521 1521 1586; x_wconf 79' lang='lat' dir='ltr'>Tacitus</span> <span class='ocrx_word' id='word_1_107' title='bbox 1565 1521 1936 1586; x_wconf 84' lang='lat' dir='ltr'>memoriam</span> <span class='ocrx_word' id='word_1_108' title='bbox 1981 1541 2109 1585; x_wconf 87' lang='lat' dir='ltr'>non</span> <span class='ocrx_word' id='word_1_109' title='bbox 2154 1518 2442 1604; x_wconf 88' lang='lat' dir='ltr'>prodidit</span> <span class='ocrx_word' id='word_1_110' title='bbox 2502 1536 2678 1583; x_wconf 88' lang='lat' dir='ltr'>acce-</span> 
     </span>
     <span class='ocr_line' id='line_1_14' title="bbox 389 1616 2769 1705; baseline -0.001 -21"><span class='ocrx_word' id='word_1_111' title='bbox 389 1616 485 1684; x_wconf 78' lang='lat' dir='ltr'>dit</span> <span class='ocrx_word' id='word_1_112' title='bbox 529 1618 734 1701; x_wconf 89' lang='lat' dir='ltr'>quod,</span> <span class='ocrx_word' id='word_1_113' title='bbox 808 1627 875 1684; x_wconf 92' lang='lat' dir='ltr'>ut</span> <span class='ocrx_word' id='word_1_114' title='bbox 918 1641 1112 1704; x_wconf 89' lang='lat' dir='ltr'>supra</span> <span class='ocrx_word' id='word_1_115' title='bbox 1158 1620 1662 1687; x_wconf 86' lang='lat' dir='ltr'>demonstratum</span> <span class='ocrx_word' id='word_1_116' title='bbox 1707 1630 1835 1704; x_wconf 90' lang='lat' dir='ltr'>est,</span> <span class='ocrx_word' id='word_1_117' title='bbox 1902 1622 1969 1685; x_wconf 92' lang='lat' dir='ltr'>in</span> <span class='ocrx_word' id='word_1_118' title='bbox 2025 1621 2231 1705; x_wconf 87' lang='lat' dir='ltr'>ipsius</span> <span class='ocrx_word' id='word_1_119' title='bbox 2293 1617 2682 1684; x_wconf 86' lang='lat' dir='ltr'>narrationis</span> <span class='ocrx_word' id='word_1_120' title='bbox 2762 1664 2769 1673; x_wconf 86' lang='grc'><strong>.</strong></span> 
     </span>
     <span class='ocr_line' id='line_1_15' title="bbox 388 1717 2685 1805; baseline -0.001 -22"><span class='ocrx_word' id='word_1_121' title='bbox 388 1717 676 1802; x_wconf 85' lang='lat' dir='ltr'>circuitu,</span> <span class='ocrx_word' id='word_1_122' title='bbox 742 1740 870 1801; x_wconf 87' lang='lat' dir='ltr'>qua</span> <span class='ocrx_word' id='word_1_123' title='bbox 930 1720 1075 1786; x_wconf 87' lang='lat' dir='ltr'>finis</span> <span class='ocrx_word' id='word_1_124' title='bbox 1127 1720 1468 1787; x_wconf 87' lang='lat' dir='ltr'>seditionis</span> <span class='ocrx_word' id='word_1_125' title='bbox 1526 1742 1563 1785; x_wconf 84' lang='lat' dir='ltr'>a</span> <span class='ocrx_word' id='word_1_126' title='bbox 1608 1722 1839 1787; x_wconf 89' lang='lat' dir='ltr'>Tacito</span> <span class='ocrx_word' id='word_1_127' title='bbox 1893 1723 2082 1805; x_wconf 85' lang='lat' dir='ltr'>longe</span> <span class='ocrx_word' id='word_1_128' title='bbox 2136 1720 2326 1786; x_wconf 87' lang='lat' dir='ltr'>aliter</span> <span class='ocrx_word' id='word_1_129' title='bbox 2387 1738 2578 1801; x_wconf 87' lang='lat' dir='ltr'>quam</span> <span class='ocrx_word' id='word_1_130' title='bbox 2642 1737 2685 1781; x_wconf 87' lang='lat' dir='ltr'>a</span> 
     </span>
     <span class='ocr_line' id='line_1_16' title="bbox 387 1818 2680 1903; baseline -0 -20"><span class='ocrx_word' id='word_1_131' title='bbox 387 1818 599 1884; x_wconf 84' lang='lat' dir='ltr'>Dione</span> <span class='ocrx_word' id='word_1_132' title='bbox 642 1818 1063 1903; x_wconf 82' lang='lat' dir='ltr'>describitur,</span> <span class='ocrx_word' id='word_1_133' title='bbox 1134 1822 1439 1886; x_wconf 84' lang='lat' dir='ltr'>nonnulla</span> <span class='ocrx_word' id='word_1_134' title='bbox 1495 1842 1637 1888; x_wconf 90' lang='lat' dir='ltr'>cum</span> <span class='ocrx_word' id='word_1_135' title='bbox 1682 1822 1951 1887; x_wconf 90' lang='lat' dir='ltr'>Dioneis</span> <span class='ocrx_word' id='word_1_136' title='bbox 1998 1821 2265 1886; x_wconf 87' lang='lat' dir='ltr'>mirifice</span> <span class='ocrx_word' id='word_1_137' title='bbox 2310 1823 2680 1901; x_wconf 86' lang='lat' dir='ltr'>congruunt.</span> 
     </span>
     <span class='ocr_line' id='line_1_17' title="bbox 389 1919 2681 2001; baseline -0.001 -15"><span class='ocrx_word' id='word_1_138' title='bbox 389 1938 590 2001; x_wconf 85' lang='lat' dir='ltr'>quare</span> <span class='ocrx_word' id='word_1_139' title='bbox 634 1919 692 1986; x_wconf 83' lang='lat' dir='ltr'>si</span> <span class='ocrx_word' id='word_1_140' title='bbox 735 1919 982 1987; x_wconf 87' lang='lat' dir='ltr'>duobus</span> <span class='ocrx_word' id='word_1_141' title='bbox 1027 1939 1237 1986; x_wconf 88' lang='lat' dir='ltr'>rerum</span> <span class='ocrx_word' id='word_1_142' title='bbox 1275 1922 1642 1988; x_wconf 88' lang='lat' dir='ltr'>auctoribus</span> <span class='ocrx_word' id='word_1_143' title='bbox 1665 1923 1962 1988; x_wconf 83' lang='lat' dir='ltr'>Tacitum</span> <span class='ocrx_word' id='word_1_144' title='bbox 2005 1941 2187 1987; x_wconf 89' lang='lat' dir='ltr'>usum</span> <span class='ocrx_word' id='word_1_145' title='bbox 2230 1940 2373 1987; x_wconf 88' lang='lat' dir='ltr'>esse</span> <span class='ocrx_word' id='word_1_146' title='bbox 2414 1926 2681 2001; x_wconf 80' lang='lat' dir='ltr'>statuas,</span> 
     </span>
     <span class='ocr_line' id='line_1_18' title="bbox 390 2019 2682 2106; baseline -0.001 -20"><span class='ocrx_word' id='word_1_147' title='bbox 390 2019 756 2086; x_wconf 83' lang='lat' dir='ltr'>necessario</span> <span class='ocrx_word' id='word_1_148' title='bbox 813 2019 884 2086; x_wconf 87' lang='lat' dir='ltr'>id</span> <span class='ocrx_word' id='word_1_149' title='bbox 942 2021 1178 2086; x_wconf 85' lang='lat' dir='ltr'>factum</span> <span class='ocrx_word' id='word_1_150' title='bbox 1222 2029 1335 2105; x_wconf 89' lang='lat' dir='ltr'>est,</span> <span class='ocrx_word' id='word_1_151' title='bbox 1395 2032 1463 2087; x_wconf 91' lang='lat' dir='ltr'>ut</span> <span class='ocrx_word' id='word_1_152' title='bbox 1509 2022 1698 2105; x_wconf 81' lang='lat' dir='ltr'>idem,</span> <span class='ocrx_word' id='word_1_153' title='bbox 1753 2042 1916 2104; x_wconf 87' lang='lat' dir='ltr'>quae</span> <span class='ocrx_word' id='word_1_154' title='bbox 1974 2021 2146 2106; x_wconf 84' lang='lat' dir='ltr'>apud</span> <span class='ocrx_word' id='word_1_155' title='bbox 2196 2021 2355 2086; x_wconf 90' lang='lat' dir='ltr'>duos</span> <span class='ocrx_word' id='word_1_156' title='bbox 2399 2021 2565 2086; x_wconf 91' lang='lat' dir='ltr'>inter</span> <span class='ocrx_word' id='word_1_157' title='bbox 2611 2037 2682 2083; x_wconf 83' lang='lat' dir='ltr'>se</span> 
     </span>
     <span class='ocr_line' id='line_1_19' title="bbox 392 2119 2682 2206; baseline -0 -21"><span class='ocrx_word' id='word_1_158' title='bbox 392 2127 821 2205; x_wconf 82' lang='lat' dir='ltr'>repugnantes</span> <span class='ocrx_word' id='word_1_159' title='bbox 879 2121 1122 2206; x_wconf 87' lang='lat' dir='ltr'>scripta</span> <span class='ocrx_word' id='word_1_160' title='bbox 1174 2130 1403 2199; x_wconf 87' lang='lat' dir='ltr'>essent,</span> <span class='ocrx_word' id='word_1_161' title='bbox 1470 2123 1766 2205; x_wconf 84' lang='lat' dir='ltr'>neglecta</span> <span class='ocrx_word' id='word_1_162' title='bbox 1828 2121 2218 2187; x_wconf 88' lang='lat' dir='ltr'>tradentium</span> <span class='ocrx_word' id='word_1_163' title='bbox 2279 2119 2682 2186; x_wconf 83' lang='lat' dir='ltr'>dissensione</span> 
     </span>
     <span class='ocr_line' id='line_1_20' title="bbox 394 2220 2756 2307; baseline 0 -23"><span class='ocrx_word' id='word_1_164' title='bbox 394 2221 561 2286; x_wconf 86' lang='lat' dir='ltr'>inter</span> <span class='ocrx_word' id='word_1_165' title='bbox 621 2240 690 2286; x_wconf 88' lang='lat' dir='ltr'>se</span> <span class='ocrx_word' id='word_1_166' title='bbox 734 2221 1135 2303; x_wconf 85' lang='lat' dir='ltr'>miscuisset;</span> <span class='ocrx_word' id='word_1_167' title='bbox 1190 2222 1360 2303; x_wconf 87' lang='lat' dir='ltr'>quod</span> <span class='ocrx_word' id='word_1_168' title='bbox 1421 2224 1682 2288; x_wconf 85' lang='lat' dir='ltr'>minime</span> <span class='ocrx_word' id='word_1_169' title='bbox 1741 2222 2072 2307; x_wconf 89' lang='lat' dir='ltr'>probabile</span> <span class='ocrx_word' id='word_1_170' title='bbox 2128 2228 2240 2287; x_wconf 88' lang='lat' dir='ltr'>est.</span> <span class='ocrx_word' id='word_1_171' title='bbox 2299 2242 2452 2305; x_wconf 85' lang='lat' dir='ltr'>ergo</span> <span class='ocrx_word' id='word_1_172' title='bbox 2496 2220 2682 2285; x_wconf 85' lang='lat' dir='ltr'>Taci·</span> <span class='ocrx_word' id='word_1_173' title='bbox 2737 2231 2756 2246; x_wconf 80' lang='lat'>’</span> 
     </span>
     <span class='ocr_line' id='line_1_21' title="bbox 391 2321 2681 2392; baseline -0.001 -5"><span class='ocrx_word' id='word_1_174' title='bbox 391 2330 493 2389; x_wconf 86' lang='lat' dir='ltr'>tus</span> <span class='ocrx_word' id='word_1_175' title='bbox 554 2322 728 2388; x_wconf 86' lang='lat' dir='ltr'>haud</span> <span class='ocrx_word' id='word_1_176' title='bbox 773 2322 965 2390; x_wconf 92' lang='lat' dir='ltr'>dubie</span> <span class='ocrx_word' id='word_1_177' title='bbox 1011 2344 1208 2389; x_wconf 87' lang='lat' dir='ltr'>unum</span> <span class='ocrx_word' id='word_1_178' title='bbox 1264 2325 1333 2389; x_wconf 89' lang='lat' dir='ltr'>in</span> <span class='ocrx_word' id='word_1_179' title='bbox 1376 2325 1755 2392; x_wconf 85' lang='lat' dir='ltr'>enarrandis</span> <span class='ocrx_word' id='word_1_180' title='bbox 1798 2325 2225 2391; x_wconf 90' lang='lat' dir='ltr'>seditionibus</span> <span class='ocrx_word' id='word_1_181' title='bbox 2272 2342 2485 2387; x_wconf 86' lang='lat' dir='ltr'>rerum</span> <span class='ocrx_word' id='word_1_182' title='bbox 2527 2321 2681 2387; x_wconf 84' lang='lat' dir='ltr'>scri·</span> 
     </span>
     <span class='ocr_line' id='line_1_22' title="bbox 395 2425 1635 2510; baseline 0.002 -20"><span class='ocrx_word' id='word_1_183' title='bbox 395 2431 639 2509; x_wconf 89' lang='lat' dir='ltr'>ptorem</span> <span class='ocrx_word' id='word_1_184' title='bbox 683 2431 937 2490; x_wconf 84' lang='lat' dir='ltr'>secutus</span> <span class='ocrx_word' id='word_1_185' title='bbox 982 2444 1123 2491; x_wconf 85' lang='lat' dir='ltr'>esse</span> <span class='ocrx_word' id='word_1_186' title='bbox 1169 2425 1635 2510; x_wconf 86' lang='lat' dir='ltr'>comprobatur.</span> 
     </span>
    </p>

    <p class='ocr_par' dir='ltr' id='par_1_3' title="bbox 389 2524 2687 3814">
     <span class='ocr_line' id='line_1_23' title="bbox 589 2524 2683 2609; baseline -0 -20"><span class='ocrx_word' id='word_1_187' title='bbox 589 2526 726 2590; x_wconf 87' lang='lat' dir='ltr'>Iam</span> <span class='ocrx_word' id='word_1_188' title='bbox 779 2525 1055 2592; x_wconf 89' lang='lat' dir='ltr'>Dionem</span> <span class='ocrx_word' id='word_1_189' title='bbox 1111 2526 1431 2592; x_wconf 88' lang='lat' dir='ltr'>adeamus.</span> <span class='ocrx_word' id='word_1_190' title='bbox 1497 2536 1561 2592; x_wconf 88' lang='lat' dir='ltr'>et</span> <span class='ocrx_word' id='word_1_191' title='bbox 1626 2528 1732 2592; x_wconf 90' lang='lat' dir='ltr'>hic</span> <span class='ocrx_word' id='word_1_192' title='bbox 1775 2527 2033 2609; x_wconf 87' lang='lat' dir='ltr'>quidem</span> <span class='ocrx_word' id='word_1_193' title='bbox 2078 2548 2117 2591; x_wconf 86' lang='lat' dir='ltr'>a</span> <span class='ocrx_word' id='word_1_194' title='bbox 2163 2526 2393 2591; x_wconf 85' lang='lat' dir='ltr'>Tacito</span> <span class='ocrx_word' id='word_1_195' title='bbox 2438 2525 2536 2590; x_wconf 89' lang='lat' dir='ltr'>ita</span> <span class='ocrx_word' id='word_1_196' title='bbox 2576 2524 2683 2588; x_wconf 90' lang='lat' dir='ltr'>ab·-</span> 
     </span>
     <span class='ocr_line' id='line_1_24' title="bbox 394 2624 2684 2712; baseline 0 -23"><span class='ocrx_word' id='word_1_197' title='bbox 394 2625 622 2707; x_wconf 87' lang='lat' dir='ltr'>horret‚</span> <span class='ocrx_word' id='word_1_198' title='bbox 666 2633 735 2691; x_wconf 92' lang='lat' dir='ltr'>ut</span> <span class='ocrx_word' id='word_1_199' title='bbox 777 2625 1142 2691; x_wconf 78' lang='lat' dir='ltr'>Germanici</span> <span class='ocrx_word' id='word_1_200' title='bbox 1190 2627 1442 2693; x_wconf 88' lang='lat' dir='ltr'>domum</span> <span class='ocrx_word' id='word_1_201' title='bbox 1499 2649 1623 2693; x_wconf 91' lang='lat' dir='ltr'>non</span> <span class='ocrx_word' id='word_1_202' title='bbox 1672 2628 2130 2712; x_wconf 87' lang='lat' dir='ltr'>compressisse</span> <span class='ocrx_word' id='word_1_203' title='bbox 2172 2628 2525 2702; x_wconf 88' lang='lat' dir='ltr'>tumultum,</span> <span class='ocrx_word' id='word_1_204' title='bbox 2569 2624 2684 2691; x_wconf 85' lang='lat' dir='ltr'>sed</span> 
     </span>
     <span class='ocr_line' id='line_1_25' title="bbox 391 2727 2684 2811; baseline 0 -21"><span class='ocrx_word' id='word_1_205' title='bbox 391 2745 436 2790; x_wconf 87' lang='lat' dir='ltr'>a</span> <span class='ocrx_word' id='word_1_206' title='bbox 471 2727 1002 2793; x_wconf 83' lang='lat' dir='ltr'>tumultuantibus</span> <span class='ocrx_word' id='word_1_207' title='bbox 1047 2727 1210 2811; x_wconf 88' lang='lat' dir='ltr'>ipsis</span> <span class='ocrx_word' id='word_1_208' title='bbox 1258 2728 1522 2793; x_wconf 89' lang='lat' dir='ltr'>summis</span> <span class='ocrx_word' id='word_1_209' title='bbox 1567 2728 1885 2810; x_wconf 83' lang='lat' dir='ltr'>angustiis</span> <span class='ocrx_word' id='word_1_210' title='bbox 1928 2748 2213 2811; x_wconf 87' lang='lat' dir='ltr'>pressam</span> <span class='ocrx_word' id='word_1_211' title='bbox 2262 2747 2404 2794; x_wconf 84' lang='lat' dir='ltr'>esse</span> <span class='ocrx_word' id='word_1_212' title='bbox 2453 2746 2684 2792; x_wconf 87' lang='lat' dir='ltr'>memo·</span> 
     </span>
     <span class='ocr_line' id='line_1_26' title="bbox 395 2817 2684 2913; baseline 0 -23"><span class='ocrx_word' id='word_1_213' title='bbox 395 2834 507 2893; x_wconf 88' lang='lat' dir='ltr'>ret.</span> <span class='ocrx_word' id='word_1_214' title='bbox 574 2827 689 2894; x_wconf 82' lang='lat' dir='ltr'>scd</span> <span class='ocrx_word' id='word_1_215' title='bbox 734 2828 904 2913; x_wconf 89' lang='lat' dir='ltr'>apud</span> <span class='ocrx_word' id='word_1_216' title='bbox 949 2817 1225 2892; x_wconf 89' lang='lat' dir='ltr'>Dionem</span> <span class='ocrx_word' id='word_1_217' title='bbox 1285 2847 1424 2892; x_wconf 90' lang='lat' dir='ltr'>cum</span> <span class='ocrx_word' id='word_1_218' title='bbox 1486 2827 1650 2891; x_wconf 90' lang='lat' dir='ltr'>nihil</span> <span class='ocrx_word' id='word_1_219' title='bbox 1709 2828 2082 2912; x_wconf 84' lang='lat' dir='ltr'>reperiatur,</span> <span class='ocrx_word' id='word_1_220' title='bbox 2144 2847 2268 2910; x_wconf 90' lang='lat' dir='ltr'>quo</span> <span class='ocrx_word' id='word_1_221' title='bbox 2316 2826 2684 2892; x_wconf 77' lang='lat' dir='ltr'>Germanici</span> 
     </span>
     <span class='ocr_line' id='line_1_27' title="bbox 393 2924 2682 3010; baseline -0.001 -17"><span class='ocrx_word' id='word_1_222' title='bbox 393 2928 603 3010; x_wconf 81' lang='lat' dir='ltr'>gloria</span> <span class='ocrx_word' id='word_1_223' title='bbox 647 2927 1046 3009; x_wconf 89' lang='lat' dir='ltr'>detrectetur‚</span> <span class='ocrx_word' id='word_1_224' title='bbox 1113 2936 1248 2993; x_wconf 90' lang='lat' dir='ltr'>tum</span> <span class='ocrx_word' id='word_1_225' title='bbox 1315 2929 1528 2992; x_wconf 86' lang='lat' dir='ltr'>omnia</span> <span class='ocrx_word' id='word_1_226' title='bbox 1589 2927 1655 2992; x_wconf 92' lang='lat' dir='ltr'>in</span> <span class='ocrx_word' id='word_1_227' title='bbox 1702 2928 1875 2993; x_wconf 89' lang='lat' dir='ltr'>illius</span> <span class='ocrx_word' id='word_1_228' title='bbox 1919 2928 2174 2993; x_wconf 88' lang='lat' dir='ltr'>laudem</span> <span class='ocrx_word' id='word_1_229' title='bbox 2220 2927 2534 2993; x_wconf 86' lang='lat' dir='ltr'>inclinant</span> <span class='ocrx_word' id='word_1_230' title='bbox 2576 2924 2682 3006; x_wconf 76' lang='lat' dir='ltr'>(ct.</span> 
     </span>
     <span class='ocr_line' id='line_1_28' title="bbox 395 3026 2686 3110; baseline -0 -18"><span class='ocrx_word' id='word_1_231' title='bbox 395 3027 589 3110; x_wconf 86' lang='lat' dir='ltr'>LVII,</span> <span class='ocrx_word' id='word_1_232' title='bbox 641 3030 760 3109; x_wconf 88' lang='lat'>18).</span> <span class='ocrx_word' id='word_1_233' title='bbox 811 3048 1007 3110; x_wconf 86' lang='lat' dir='ltr'>quare</span> <span class='ocrx_word' id='word_1_234' title='bbox 1051 3029 1327 3094; x_wconf 89' lang='lat' dir='ltr'>Dionem</span> <span class='ocrx_word' id='word_1_235' title='bbox 1378 3028 1746 3093; x_wconf 82' lang='lat' dir='ltr'>Germanici</span> <span class='ocrx_word' id='word_1_236' title='bbox 1793 3028 1980 3094; x_wconf 89' lang='lat' dir='ltr'>rebus</span> <span class='ocrx_word' id='word_1_237' title='bbox 2032 3027 2194 3092; x_wconf 87' lang='lat' dir='ltr'>adeo</span> <span class='ocrx_word' id='word_1_238' title='bbox 2242 3026 2593 3109; x_wconf 63' lang='lat' dir='ltr'>invidisse,</span> <span class='ocrx_word' id='word_1_239' title='bbox 2617 3033 2686 3091; x_wconf 93' lang='lat' dir='ltr'>ut</span> 
     </span>
     <span class='ocr_line' id='line_1_29' title="bbox 395 3126 2685 3213; baseline -0 -20"><span class='ocrx_word' id='word_1_240' title='bbox 395 3128 474 3193; x_wconf 91' lang='lat' dir='ltr'>de</span> <span class='ocrx_word' id='word_1_241' title='bbox 537 3128 662 3191; x_wconf 87' lang='lat' dir='ltr'>fine</span> <span class='ocrx_word' id='word_1_242' title='bbox 727 3126 1063 3192; x_wconf 89' lang='lat' dir='ltr'>seditionis</span> <span class='ocrx_word' id='word_1_243' title='bbox 1134 3129 1301 3194; x_wconf 85' lang='lat' dir='ltr'>falsa</span> <span class='ocrx_word' id='word_1_244' title='bbox 1364 3149 1477 3213; x_wconf 88' lang='lat' dir='ltr'>pro</span> <span class='ocrx_word' id='word_1_245' title='bbox 1525 3129 1694 3194; x_wconf 85' lang='lat' dir='ltr'>veris</span> <span class='ocrx_word' id='word_1_246' title='bbox 1743 3129 2042 3211; x_wconf 90' lang='lat' dir='ltr'>traderet,</span> <span class='ocrx_word' id='word_1_247' title='bbox 2090 3128 2281 3213; x_wconf 88' lang='lat' dir='ltr'>plane</span> <span class='ocrx_word' id='word_1_248' title='bbox 2320 3126 2685 3210; x_wconf 82' lang='lat' dir='ltr'>negandum</span> 
     </span>
     <span class='ocr_line' id='line_1_30' title="bbox 393 3226 2680 3313; baseline -0 -19"><span class='ocrx_word' id='word_1_249' title='bbox 393 3236 506 3294; x_wconf 83' lang='lat' dir='ltr'>est.</span> <span class='ocrx_word' id='word_1_250' title='bbox 552 3246 703 3310; x_wconf 77' lang='lat' dir='ltr'>ergo</span> <span class='ocrx_word' id='word_1_251' title='bbox 737 3235 950 3311; x_wconf 89' lang='lat' dir='ltr'>restat,</span> <span class='ocrx_word' id='word_1_252' title='bbox 998 3235 1065 3293; x_wconf 92' lang='lat' dir='ltr'>ut</span> <span class='ocrx_word' id='word_1_253' title='bbox 1112 3228 1237 3295; x_wconf 87' lang='lat' dir='ltr'>duo</span> <span class='ocrx_word' id='word_1_254' title='bbox 1281 3228 1440 3293; x_wconf 85' lang='lat' dir='ltr'>haec</span> <span class='ocrx_word' id='word_1_255' title='bbox 1486 3229 1626 3294; x_wconf 87' lang='lat' dir='ltr'>fieri</span> <span class='ocrx_word' id='word_1_256' title='bbox 1669 3229 1957 3313; x_wconf 85' lang='lat' dir='ltr'>potuisse</span> <span class='ocrx_word' id='word_1_257' title='bbox 2001 3236 2374 3296; x_wconf 85' lang='lat' dir='ltr'>statuamus.</span> <span class='ocrx_word' id='word_1_258' title='bbox 2422 3235 2532 3292; x_wconf 88' lang='lat' dir='ltr'>aut</span> <span class='ocrx_word' id='word_1_259' title='bbox 2578 3226 2680 3306; x_wconf 90' lang='lat' dir='ltr'>iis,</span> 
     </span>
     <span class='ocr_line' id='line_1_31' title="bbox 393 3327 2685 3413; baseline -0.001 -20"><span class='ocrx_word' id='word_1_260' title='bbox 393 3347 559 3410; x_wconf 86' lang='lat' dir='ltr'>quae</span> <span class='ocrx_word' id='word_1_261' title='bbox 602 3327 778 3411; x_wconf 83' lang='lat' dir='ltr'>apud</span> <span class='ocrx_word' id='word_1_262' title='bbox 818 3327 1012 3392; x_wconf 88' lang='lat' dir='ltr'>alium</span> <span class='ocrx_word' id='word_1_263' title='bbox 1060 3335 1382 3393; x_wconf 87' lang='lat' dir='ltr'>auctorem</span> <span class='ocrx_word' id='word_1_264' title='bbox 1426 3328 1677 3393; x_wconf 85' lang='lat' dir='ltr'>veriora</span> <span class='ocrx_word' id='word_1_265' title='bbox 1721 3330 1964 3413; x_wconf 87' lang='lat' dir='ltr'>scripta</span> <span class='ocrx_word' id='word_1_266' title='bbox 2008 3329 2462 3411; x_wconf 84' lang='lat' dir='ltr'>intellexisset,</span> <span class='ocrx_word' id='word_1_267' title='bbox 2506 3345 2685 3392; x_wconf 50' lang='lat' dir='ltr'>*suae</span> 
     </span>
     <span class='ocr_line' id='line_1_32' title="bbox 392 3427 2683 3513; baseline 0 -21"><span class='ocrx_word' id='word_1_268' title='bbox 392 3427 746 3493; x_wconf 87' lang='lat' dir='ltr'>narrationi</span> <span class='ocrx_word' id='word_1_269' title='bbox 793 3427 1047 3495; x_wconf 84' lang='lat' dir='ltr'>innexis</span> <span class='ocrx_word' id='word_1_270' title='bbox 1095 3428 1222 3494; x_wconf 88' lang='lat' dir='ltr'>Dio</span> <span class='ocrx_word' id='word_1_271' title='bbox 1267 3429 1506 3513; x_wconf 87' lang='lat' dir='ltr'>quippe</span> <span class='ocrx_word' id='word_1_272' title='bbox 1553 3430 1861 3495; x_wconf 90' lang='lat' dir='ltr'>minorem</span> <span class='ocrx_word' id='word_1_273' title='bbox 1900 3430 2370 3496; x_wconf 85' lang='lat' dir='ltr'>accurationem</span> <span class='ocrx_word' id='word_1_274' title='bbox 2417 3427 2545 3494; x_wconf 89' lang='lat' dir='ltr'>sibi</span> <span class='ocrx_word' id='word_1_275' title='bbox 2587 3427 2683 3493; x_wconf 85' lang='lat' dir='ltr'>in-</span> 
     </span>
     <span class='ocr_line' id='line_1_33' title="bbox 395 3522 2687 3610; baseline 0 -18"><span class='ocrx_word' id='word_1_276' title='bbox 395 3526 665 3610; x_wconf 84' lang='lat' dir='ltr'>dulgens</span> <span class='ocrx_word' id='word_1_277' title='bbox 709 3526 789 3592; x_wconf 92' lang='lat' dir='ltr'>de</span> <span class='ocrx_word' id='word_1_278' title='bbox 834 3527 1224 3602; x_wconf 84' lang='lat' dir='ltr'>tradentium</span> <span class='ocrx_word' id='word_1_279' title='bbox 1248 3522 1627 3594; x_wconf 87' lang='lat' dir='ltr'>diversitate</span> <span class='ocrx_word' id='word_1_280' title='bbox 1658 3530 1914 3595; x_wconf 90' lang='lat' dir='ltr'>omnino</span> <span class='ocrx_word' id='word_1_281' title='bbox 1948 3538 2134 3610; x_wconf 83' lang='lat' dir='ltr'>tacet,</span> <span class='ocrx_word' id='word_1_282' title='bbox 2173 3537 2282 3594; x_wconf 87' lang='lat' dir='ltr'>aut</span> <span class='ocrx_word' id='word_1_283' title='bbox 2306 3548 2477 3610; x_wconf 75' lang='lat' dir='ltr'>vem,</span> <span class='ocrx_word' id='word_1_284' title='bbox 2522 3546 2687 3609; x_wconf 86' lang='lat' dir='ltr'>quae</span> 
     </span>
     <span class='ocr_line' id='line_1_34' title="bbox 390 3628 2685 3714; baseline 0 -22"><span class='ocrx_word' id='word_1_285' title='bbox 390 3628 567 3712; x_wconf 85' lang='lat' dir='ltr'>apud</span> <span class='ocrx_word' id='word_1_286' title='bbox 609 3647 1006 3693; x_wconf 86' lang='lat' dir='ltr'>communem</span> <span class='ocrx_word' id='word_1_287' title='bbox 1054 3636 1370 3694; x_wconf 84' lang='lat' dir='ltr'>auctorem</span> <span class='ocrx_word' id='word_1_288' title='bbox 1417 3629 1660 3714; x_wconf 84' lang='lat' dir='ltr'>scripta</span> <span class='ocrx_word' id='word_1_289' title='bbox 1703 3638 1902 3713; x_wconf 85' lang='lat' dir='ltr'>erant,</span> <span class='ocrx_word' id='word_1_290' title='bbox 1939 3630 2101 3696; x_wconf 90' lang='lat' dir='ltr'>miro</span> <span class='ocrx_word' id='word_1_291' title='bbox 2153 3650 2307 3696; x_wconf 89' lang='lat' dir='ltr'>casu</span> <span class='ocrx_word' id='word_1_292' title='bbox 2352 3631 2571 3712; x_wconf 87' lang='lat' dir='ltr'>lapsus</span> <span class='ocrx_word' id='word_1_293' title='bbox 2616 3628 2685 3692; x_wconf 91' lang='lat' dir='ltr'>in</span> 
     </span>
     <span class='ocr_line' id='line_1_35' title="bbox 389 3729 1149 3814; baseline 0 -20"><span class='ocrx_word' id='word_1_294' title='bbox 389 3729 713 3794; x_wconf 86' lang='lat' dir='ltr'>contraria</span> <span class='ocrx_word' id='word_1_295' title='bbox 753 3729 1149 3814; x_wconf 87' lang='lat' dir='ltr'>depravavit.</span> 
     </span>
    </p>

    <p class='ocr_par' dir='ltr' id='par_1_4' title="bbox 387 3828 2727 4518">
     <span class='ocr_line' id='line_1_36' title="bbox 586 3828 2683 3914; baseline 0.001 -21"><span class='ocrx_word' id='word_1_296' title='bbox 586 3828 717 3894; x_wconf 85' lang='lat' dir='ltr'>Sed</span> <span class='ocrx_word' id='word_1_297' title='bbox 758 3829 1035 3912; x_wconf 87' lang='lat' dir='ltr'>primum</span> <span class='ocrx_word' id='word_1_298' title='bbox 1080 3830 1355 3914; x_wconf 88' lang='lat' dir='ltr'>quidem,</span> <span class='ocrx_word' id='word_1_299' title='bbox 1401 3852 1566 3913; x_wconf 84' lang='lat' dir='ltr'>quae</span> <span class='ocrx_word' id='word_1_300' title='bbox 1614 3831 1870 3898; x_wconf 87' lang='lat' dir='ltr'>diversa</span> <span class='ocrx_word' id='word_1_301' title='bbox 1899 3832 2066 3899; x_wconf 80' lang='lat' dir='ltr'>inter</span> <span class='ocrx_word' id='word_1_302' title='bbox 2096 3853 2165 3898; x_wconf 84' lang='lat' dir='ltr'>se</span> <span class='ocrx_word' id='word_1_303' title='bbox 2197 3839 2362 3912; x_wconf 82' lang='lat' dir='ltr'>sunt,</span> <span class='ocrx_word' id='word_1_304' title='bbox 2409 3850 2444 3896; x_wconf 92' lang='lat' dir='ltr'>e</span> <span class='ocrx_word' id='word_1_305' title='bbox 2476 3830 2683 3895; x_wconf 81' lang='lat' dir='ltr'>diver·</span> 
     </span>
     <span class='ocr_line' id='line_1_37' title="bbox 392 3928 2727 4016; baseline 0.001 -24"><span class='ocrx_word' id='word_1_306' title='bbox 392 3928 483 3993; x_wconf 88' lang='lat' dir='ltr'>sis</span> <span class='ocrx_word' id='word_1_307' title='bbox 530 3928 897 3994; x_wconf 87' lang='lat' dir='ltr'>auctoribus</span> <span class='ocrx_word' id='word_1_308' title='bbox 964 3939 1218 4016; x_wconf 89' lang='lat' dir='ltr'>sumpta</span> <span class='ocrx_word' id='word_1_309' title='bbox 1268 3951 1410 3998; x_wconf 86' lang='lat' dir='ltr'>esse</span> <span class='ocrx_word' id='word_1_310' title='bbox 1456 3932 1689 3997; x_wconf 87' lang='lat' dir='ltr'>acriter</span> <span class='ocrx_word' id='word_1_311' title='bbox 1735 3933 2157 4001; x_wconf 90' lang='lat' dir='ltr'>contenderis.</span> <span class='ocrx_word' id='word_1_312' title='bbox 2200 3940 2334 3998; x_wconf 86' lang='lat' dir='ltr'>tum</span> <span class='ocrx_word' id='word_1_313' title='bbox 2379 3950 2532 3996; x_wconf 79' lang='lat' dir='ltr'>vero</span> <span class='ocrx_word' id='word_1_314' title='bbox 2575 3950 2681 3995; x_wconf 80' lang='lat' dir='ltr'>ne·</span> <span class='ocrx_word' id='word_1_315' title='bbox 2720 3934 2727 3939; x_wconf 81' lang='grc'><em>’</em></span> 
     </span>
     <span class='ocr_line' id='line_1_38' title="bbox 390 4027 2683 4115; baseline -0.002 -18"><span class='ocrx_word' id='word_1_316' title='bbox 390 4050 572 4097; x_wconf 86' lang='lat' dir='ltr'>cesse</span> <span class='ocrx_word' id='word_1_317' title='bbox 611 4038 729 4106; x_wconf 90' lang='lat' dir='ltr'>est,</span> <span class='ocrx_word' id='word_1_318' title='bbox 798 4042 866 4096; x_wconf 92' lang='lat' dir='ltr'>ut</span> <span class='ocrx_word' id='word_1_319' title='bbox 917 4032 1188 4099; x_wconf 89' lang='lat' dir='ltr'>Dionem</span> <span class='ocrx_word' id='word_1_320' title='bbox 1246 4053 1448 4115; x_wconf 90' lang='lat' dir='ltr'>usque</span> <span class='ocrx_word' id='word_1_321' title='bbox 1508 4033 1593 4097; x_wconf 92' lang='lat' dir='ltr'>ad</span> <span class='ocrx_word' id='word_1_322' title='bbox 1652 4033 1915 4099; x_wconf 88' lang='lat' dir='ltr'>verbum</span> <span class='ocrx_word' id='word_1_323' title='bbox 1963 4027 2478 4115; x_wconf 67' lang='grc' dir='ltr'>προσωνόμαζον</span> <span class='ocrx_word' id='word_1_324' title='bbox 2521 4051 2571 4096; x_wconf 90' lang='lat' dir='ltr'>c.</span> <span class='ocrx_word' id='word_1_325' title='bbox 2618 4036 2683 4094; x_wconf 82' lang='lat'>5:</span> 
     </span>
     <span class='ocr_line' id='line_1_39' title="bbox 387 4128 2681 4218; baseline -0.001 -22"><span class='ocrx_word' id='word_1_326' title='bbox 387 4138 630 4199; x_wconf 77' lang='lat' dir='ltr'>cuncta</span> <span class='ocrx_word' id='word_1_327' title='bbox 664 4154 700 4197; x_wconf 85' lang='lat' dir='ltr'>e</span> <span class='ocrx_word' id='word_1_328' title='bbox 746 4133 1062 4197; x_wconf 89' lang='lat' dir='ltr'>communi</span> <span class='ocrx_word' id='word_1_329' title='bbox 1108 4134 1282 4199; x_wconf 84' lang='lat' dir='ltr'>fonte</span> <span class='ocrx_word' id='word_1_330' title='bbox 1307 4133 1621 4215; x_wconf 86' lang='lat' dir='ltr'>hausisse,</span> <span class='ocrx_word' id='word_1_331' title='bbox 1672 4134 1905 4199; x_wconf 87' lang='lat' dir='ltr'>deinde</span> <span class='ocrx_word' id='word_1_332' title='bbox 1934 4128 2540 4218; x_wconf 72' lang='grc' dir='ltr'>ὑπεκπεμφθέντας</span> <span class='ocrx_word' id='word_1_333' title='bbox 2563 4153 2681 4193; x_wconf 80' lang='grc' dir='ltr'>ποι</span> 
     </span>
     <span class='ocr_line' id='line_1_40' title="bbox 392 4226 2682 4318; baseline -0.001 -21"><span class='ocrx_word' id='word_1_334' title='bbox 392 4268 473 4279; x_wconf 93' lang='lat'>--</span> <span class='ocrx_word' id='word_1_335' title='bbox 520 4226 839 4315; x_wconf 71' lang='grc' dir='ltr'>ἡσύχασαν</span> <span class='ocrx_word' id='word_1_336' title='bbox 888 4254 967 4298; x_wconf 82' lang='lat' dir='ltr'>ex</span> <span class='ocrx_word' id='word_1_337' title='bbox 1014 4235 1232 4314; x_wconf 75' lang='lat' dir='ltr'>altere,</span> <span class='ocrx_word' id='word_1_338' title='bbox 1299 4243 1620 4318; x_wconf 83' lang='lat' dir='ltr'>postremo</span> <span class='ocrx_word' id='word_1_339' title='bbox 1673 4233 1779 4298; x_wconf 80' lang='grc' dir='ltr'>καὶ</span> <span class='ocrx_word' id='word_1_340' title='bbox 1825 4232 1888 4310; x_wconf 74' lang='grc' dir='ltr'>ἐς</span> <span class='ocrx_word' id='word_1_341' title='bbox 1942 4229 2259 4317; x_wconf 64' lang='grc' dir='ltr'>τοσαύτην</span> <span class='ocrx_word' id='word_1_342' title='bbox 2298 4255 2367 4315; x_wconf 72' lang='grc' dir='ltr'>γε·</span> <span class='ocrx_word' id='word_1_343' title='bbox 2409 4234 2682 4313; x_wconf 74' lang='grc' dir='ltr'><em>μεταβο-</em></span> 
     </span>
     <span class='ocr_line' id='line_1_41' title="bbox 389 4317 2682 4418; baseline 0.001 -24"><span class='ocrx_word' id='word_1_344' title='bbox 389 4326 505 4415; x_wconf 74' lang='grc' dir='ltr'>λὴν</span> <span class='ocrx_word' id='word_1_345' title='bbox 545 4317 758 4417; x_wconf 69' lang='grc' dir='ltr'><em>ἦλθον</em></span> <span class='ocrx_word' id='word_1_346' title='bbox 800 4369 876 4380; x_wconf 87' lang='lat'><em>-</em></span> <span class='ocrx_word' id='word_1_347' title='bbox 907 4324 1250 4399; x_wconf 67' lang='grc' dir='ltr'><em>ἀπολῦσαι</em></span> <span class='ocrx_word' id='word_1_348' title='bbox 1298 4334 1689 4401; x_wconf 81' lang='lat' dir='ltr'>e·communi</span> <span class='ocrx_word' id='word_1_349' title='bbox 1720 4335 1833 4400; x_wconf 91' lang='lat' dir='ltr'>illo</span> <span class='ocrx_word' id='word_1_350' title='bbox 1864 4334 2217 4418; x_wconf 86' lang='lat' dir='ltr'>sumpsisse</span> <span class='ocrx_word' id='word_1_351' title='bbox 2247 4333 2512 4414; x_wconf 79' lang='lat' dir='ltr'>credas3</span> <span class='ocrx_word' id='word_1_352' title='bbox 2565 4331 2682 4398; x_wconf 81' lang='lat' dir='ltr'>sed</span> 
     </span>
     <span class='ocr_line' id='line_1_42' title="bbox 391 4431 2682 4518; baseline 0 -21"><span class='ocrx_word' id='word_1_353' title='bbox 391 4432 587 4498; x_wconf 84' lang='lat' dir='ltr'>talem</span> <span class='ocrx_word' id='word_1_354' title='bbox 619 4434 891 4500; x_wconf 82' lang='lat' dir='ltr'>fontium</span> <span class='ocrx_word' id='word_1_355' title='bbox 923 4434 1240 4501; x_wconf 89' lang='lat' dir='ltr'>delectum</span> <span class='ocrx_word' id='word_1_356' title='bbox 1281 4434 1349 4499; x_wconf 91' lang='lat' dir='ltr'>in</span> <span class='ocrx_word' id='word_1_357' title='bbox 1394 4444 1525 4500; x_wconf 87' lang='lat' dir='ltr'>tam</span> <span class='ocrx_word' id='word_1_358' title='bbox 1571 4435 1806 4518; x_wconf 81' lang='lat' dir='ltr'>exiguo</span> <span class='ocrx_word' id='word_1_359' title='bbox 1827 4434 2161 4501; x_wconf 85' lang='lat' dir='ltr'>verborum</span> <span class='ocrx_word' id='word_1_360' title='bbox 2189 4434 2460 4505; x_wconf 80' lang='lat' dir='ltr'>circuitu</span> <span class='ocrx_word' id='word_1_361' title='bbox 2503 4431 2682 4498; x_wconf 85' lang='lat' dir='ltr'>adhi-</span> 
     </span>
    </p>
   </div>
  </div>
 </body>
</html>
