3037 4913
394 426 540 490 σ’ίαν
585 425 830 512 φέρειν,
865 420 950 490 τά
988 448 1058 489 τε
1083 411 1263 489 ἆθλα
1291 417 1496 501 εὐθὺς
1598 427 1825 511 ferrct3
1895 448 1975 494 ne
2033 429 2203 494 ultra
2257 429 2375 497 sub
2433 431 2692 497 vexillis

394 518 677 591 αὐτοῦ
771 525 858 590 ἐν
943 528 1059 610 τῷ
1092 547 1491 607 ,στρατο-

395 649 450 688 π
474 627 507 690 ἑ
529 628 570 692 ὃ
597 650 653 712 ῳ
695 622 1043 708 λαμβάνειν
1075 617 1306 711 ἠξίουν
1367 679 1378 691 .
1424 679 1435 690 .
1485 694 1495 705 ,

483 717 570 789 οὗ·
647 720 774 810 μὴν
850 716 989 789 ἀλλ’
1060 723 1299 790 ἐκεῖνοὶ
1378 725 1496 807 μὲν

401 821 545 891 τότε
608 849 680 890 τε
746 822 936 907 μόλις
995 825 1160 890 ποτὲ
1202 821 1337 889 ὑπὸ
1379 829 1499 890 τοῦ

398 927 687 991 Βλαίσου
741 926 1132 1003 πεισθέντες
1186 925 1496 1008 πρέσβεις

395 1023 566 1110 πρός
593 1024 709 1092 τὸν
741 1027 1039 1110 Τιβέριον
1074 1022 1239 1107 ὑπὲρ
1280 1025 1494 1090 αὐτῶν

399 1129 728 1215 ἔπεμψαν.

476 1233 585 1297 καὶ
612 1232 775 1315 μετὰ
802 1233 1003 1295 ταῦτα
1035 1231 1153 1292 τοῦ
1189 1223 1489 1310 Δρούσου

395 1332 512 1396 οὑν
554 1336 696 1409 τοῖς
737 1327 1137 1417 δορυφόροις
1169 1325 1490 1396 ἐπελθόν·

394 1455 507 1507 τος
570 1431 797 1518 σφίσιν
846 1427 1297 1516 ἐταράχθησαν
1355 1429 1494 1512 μὲν,

397 1530 543 1595 ἐπεὶ
629 1531 828 1616 μηδὲν
916 1524 1141 1607 ordwig
1231 1530 1496 1610 βέβαιον

396 1632 668 1717 ἐλέγετο,

480 1931 583 1995 καὶ
647 1934 778 1995 τῶν
824 1955 893 1995 τε
952 1926 1279 1996 συνόντων
1317 1922 1491 2014 αι’·τῴ

394 2025 805 2115 κατέτρωσάν
845 2056 1021 2108 τινας
1067 2086 1077 2096 .
1126 2082 1139 2094 .
1183 2082 1195 2095 .
1239 2081 1254 2097 .

478 2235 596 2316 Τῆς
639 2230 710 2296 δὲ
751 2228 828 2316 δή
890 2227 1157 2321 σελήνης
1200 2225 1494 2295 ἐκλιπού-

291 2321 295 2325 .
396 2357 512 2418 σης
579 2332 1063 2418 ἕνθιχιιηθὲντες
1123 2322 1493 2416 ἀπημβλύν-

398 2441 629 2521 θησαν,
671 2428 840 2500 ὥστε
888 2427 1086 2498 κακὸν
1136 2431 1255 2516 μὲν
1292 2429 1494 2516 μηδὲν

399 2531 491 2602 ἔτ’
539 2529 782 2615 αὐτούς
824 2537 1114 2621 ποιῆσαι,
1185 2531 1493 2614 πρέσβεις

397 2631 455 2703 6³
515 2625 711 2715 αὖθις
777 2632 948 2718 πρὸς
1010 2632 1123 2697 τὸν
1192 2630 1493 2714 Τιβέριον

395 2732 805 2804 ἀποστεῖλαι.

479 3029 596 3128 κᾷν
659 3031 868 3121 τούτῳ
935 3039 1251 3118 χειμῶνος
1297 3031 1492 3119 μεγά-

395 3140 511 3204 λου
554 3137 922 3223 γενομένου,
992 3137 1097 3200 καὶ
1149 3128 1232 3201 δι’
1296 3129 1493 3201 αὗτόν

395 3238 459 3317 ἐς
532 3232 609 3303 τοὶ
673 3236 881 3304 οἰκεῖα
962 3232 1249 3303 ἑκάστων
1318 3237 1491 3321 τείχη

393 3342 962 3427 ἀναχωρησάντων,
1024 3340 1093 3402 οἵ
1130 3362 1198 3402 τε
1245 3329 1491 3419 θρασέ-

395 3466 578 3507 τατοι
617 3437 747 3506 ὑπό
794 3467 864 3506 τε
909 3443 1026 3504 τοῦ
1058 3433 1365 3520 Δρούσου
1389 3438 1496 3502 καὶ

398 3542 464 3606 ἕν
527 3537 687 3631 αὐτῇ
756 3567 824 3628 γε
893 3544 971 3630 τῇ
1029 3542 1241 3626 σκηνῇ
1285 3529 1492 3602 αὐτοῦ

393 3643 983 3732 μεταπεμφθέντες
1056 3638 1145 3717 (ὃς
1211 3641 1317 3704 καὶ
1387 3631 1491 3704 ἐπ’

395 3737 553 3809 ἄλλο
590 3770 673 3827 τι,
718 3744 822 3809 καὶ
870 3739 1001 3808 ὑπὸ
1047 3744 1177 3809 τῶν
1225 3764 1489 3806 συνακο-

395 3841 864 3929 λουθησάντων
906 3836 1081 3929 αὐτῷ
1125 3834 1306 3907 ἄλλοι
1354 3836 1491 3907 κατ’

393 3935 589 4010 ἄλλον
642 3940 894 4028 τρόπον
936 3939 1342 4031 ἐφθάρησαν,
1384 3943 1491 4008 καὶ

398 4040 462 4110 οἱ
539 4047 766 4110 λοιποὶ
838 4044 1258 4128 κατέστησαν,
1323 4037 1491 4107 ὥστε

395 4145 501 4210 καὶ
567 4142 739 4226 πρὸς
805 4144 1121 4229 τιμωρίαν
1179 4137 1359 4219 τινὰς
1402 4137 1493 4219 ὥς

396 4244 502 4309 καὶ
536 4241 788 4323 αἰτίους
829 4248 947 4331 τῆς
987 4239 1280 4318 στάσεως
1318 4264 1491 4325 γεγο-

399 4339 587 4421 νότας
632 4345 941 4411 §maiman

1595 536 1976 611 tenerentur,
2019 527 2136 594 sed
2155 531 2354 595 isdem
2375 531 2446 594 in
2469 532 2697 596 metris

1600 628 1955 712 praemium
2013 629 2287 713 pecunia
2328 631 2696 696 solveretur.

1689 732 1798 790 19:
1884 727 2162 793 Blaesus
2195 731 2395 795 multa
2437 729 2695 796 dicendi

1603 834 1859 892 arte..
1910 881 1921 891 .
1970 829 2264 894 ,ait...
2315 882 2326 893 .
2375 829 2696 895 adclamaf

1596 948 1762 1006 vere,
1809 937 1878 994 ut
1920 929 2092 994 filius
2142 930 2360 996 Blaesi
2403 930 2696 997 tribunus

1596 1030 1919 1113 legatione
1959 1051 2041 1095 ea
2084 1030 2453 1114 fungeretur
2511 1082 2522 1095 .
2567 1084 2577 1094 .

1680 1236 1796 1295 24:
1884 1230 2143 1296 additur
2239 1251 2474 1315 magna
2544 1250 2695 1315 pars

1594 1332 1989 1414 praetoriani
2049 1331 2283 1414 equitis
2352 1339 2415 1398 et
2467 1330 2697 1397 robora

1598 1432 2061 1497 Germanorum
2088 1433 2198 1515 qui
2225 1439 2357 1498 tum
2399 1431 2694 1498 custodes

1597 1534 1967 1619 imperatori
2013 1533 2295 1599 aderant.
2342 1536 2459 1598 26:
2505 1532 2591 1597 ad
2618 1553 2697 1597 ea

1594 1636 1841 1700 Drusus
1907 1654 2048 1698 cum
2114 1633 2447 1698 arbitrium
2510 1650 2693 1697 sena-

1596 1742 1698 1799 tus
1763 1741 1826 1798 et
1878 1733 2083 1817 patris
2125 1731 2518 1815 obtenderet,
2565 1731 2691 1796 cla-

1594 1853 1767 1901 more
1813 1833 2119 1900 turbatur.

1683 1942 1789 2007 27:
1874 1937 2063 2002 simul
2136 1935 2454 2016 ingruunt,
2536 1951 2697 1997 saxa

1596 2037 1855 2102 iaciunt.
1933 2037 2187 2117 iamque
2261 2031 2500 2117 lapidis
2563 2033 2706 2103 ictu‘

1599 2145 1893 2203 cruentus
1939 2144 2002 2200 et
2046 2135 2232 2201 exitii
2281 2141 2489 2199 certus
2560 2185 2571 2196 .
2620 2184 2632 2197 .
2682 2185 2693 2196 .

1684 2242 1792 2301 28:
1878 2290 1889 2301 .
1939 2289 1949 2300 .
2051 2288 2063 2300 .
2123 2255 2272 2299 nam
2316 2235 2471 2298 luna
2521 2234 2693 2297 claro

1595 2347 1855 2423 repente
1885 2339 2062 2404 coelo
2091 2337 2237 2401 visa
2264 2337 2693 2417 languescere.

1594 2437 1663 2503 id
1705 2438 1890 2504 miles
1922 2437 2192 2504 rationis
2216 2436 2479 2520 ignarus
2507 2453 2692 2499 omen

1594 2537 2024 2621 praesentium
2056 2536 2351 2621 accepit.
2401 2588 2412 2599 .
2461 2588 2471 2599 .
2521 2588 2531 2600 .
2581 2540 2691 2600 29:

1594 2638 1942 2720 orantibus,
2003 2658 2251 2704 rursum
2296 2636 2467 2702 idem
2510 2638 2693 2702 Blae-

1596 2757 1703 2805 sus
1732 2746 1795 2803 et
1824 2738 1892 2803 L.
1924 2739 2246 2823 Apronius
2279 2792 2290 2802 .
2338 2791 2349 2801 .
2396 2790 2407 2801 .
2454 2737 2691 2803 Iustus·

1593 2857 1714 2920 que
1741 2838 2048 2906 Catonius
2098 2893 2108 2902 .
2158 2892 2169 2903 .
2219 2893 2229 2902 .
2278 2890 2290 2903 .
2337 2837 2423 2902 ad
2441 2837 2691 2903 Tiberi-

1588 2961 1692 3004 um
1738 2941 2087 3006 mittuntur.

1682 3046 1791 3105 30:
1881 3046 2149 3106 auxerat
2190 3040 2461 3106 militum
2508 3060 2692 3105 curas

1593 3151 2002 3225 praematura.
2091 3139 2295 3205 hiems
2380 3140 2691 3205 imbribus

1595 3242 1912 3307 continuis
1958 3242 2245 3324 adeoque
2289 3235 2503 3307 saevis
2552 3292 2564 3305 .
2611 3291 2625 3304 .
2677 3292 2690 3305 .

1595 3343 1837 3425 (paulo
1920 3342 2158 3425 supra)
2256 3348 2362 3405 29:
2430 3351 2690 3408 vocatos

1596 3440 1979 3506 Vibulenum
2027 3448 2091 3506 et
2136 3442 2556 3507 Percennium
2598 3443 2691 3533 in-

1594 3538 1798 3605 terfici
1819 3541 2010 3606 iubet.
2059 3546 2172 3606 30:
2217 3550 2370 3620 tum,
2423 3548 2491 3609 ut
2513 3543 2691 3624 quis·
2735 3614 2736 3617 Ἴ

1595 3661 1717 3724 que
1760 3643 2144 3726 praecipuus
2187 3643 2489 3725 turbator,
2546 3663 2690 3708 con-

1595 3746 1851 3826 quisiti3
1913 3753 1977 3810 et
2021 3764 2190 3828 pars,
2256 3751 2440 3808 extra
2482 3752 2694 3808 castra

1593 3846 1905 3929 palantes,
1958 3866 1998 3910 a
2050 3847 2527 3912 centurionibus
2582 3854 2694 3910 aut

1593 3947 2058 4030 praetoriarum
2084 3945 2439 4011 cohortium
2472 3945 2691 4010 militi-

1593 4046 1712 4113 bus
1749 4048 1951 4130 caesi3
1989 4045 2301 4130 quosdam
2331 4046 2466 4131 ipsi
2487 4047 2689 4110 mani-

1592 4146 1749 4230 puli,
1793 4147 2238 4214 documentum
2278 4145 2448 4228 fidei,
2493 4145 2688 4210 tradi-

1594 4246 1760 4311 dere.
