3037 4913
1496 252 1566 304 37

394 423 571 490 diem
613 424 953 510 scripsisse
998 432 1269 492 testatur
1316 425 1442 510 (op.
1495 424 1592 490 ed.
1637 425 1856 490 Haase
1899 425 2017 508 III,
2063 445 2121 509 p.
2166 424 2338 507 436),
2385 423 2686 511 Caligula

396 545 605 590 rerum
649 525 854 609 potito
899 532 1181 592 m'ortuus
1221 535 1333 592 est.
1423 525 1733 591 Claudius
1778 525 2139 609 imperator,
2189 530 2524 608 postquam
2581 544 2681 589 res

396 626 716 692 Romanas
770 625 922 692 inde
973 647 1014 691 a
1055 647 1216 712 pace
1261 627 1441 692 civili
1482 634 1699 712 gestas
1744 646 1870 692 uno
1914 632 1978 691 et
2024 625 2453 709 quadraginta
2498 624 2683 691 libris

393 727 875 812 comprehendit
920 728 1118 810 (Suet.
1164 728 1299 793 vita
1343 727 1603 793 Claudii
1647 749 1698 794 c.
1744 732 1852 808 41)
1896 729 1996 792 III
2041 726 2136 791 Id.
2185 725 2323 792 Oct.
2359 746 2415 791 a.
2454 731 2534 790 54
2576 745 2682 791 ex-

396 826 605 893 cessit.
691 828 771 893 M.
817 828 1128 895 Servilius
1169 828 1523 908 Nonianus,
1569 848 1756 913 quem
1800 828 1919 894 sub
1965 826 2237 892 Claudio
2278 826 2571 912 principe
2616 825 2684 889 in

393 927 640 1010 palatio
699 929 1007 994 recitasse
1060 929 1311 994 Plinius
1371 951 1467 1015 ep.
1526 931 1557 994 I
1605 935 1697 1014 13,
1758 934 1792 992 3
1846 935 2180 1011 memorat,
2230 947 2286 991 a.
2337 931 2414 990 59
2463 943 2682 1009 supre-

395 1047 568 1092 mum
611 1027 784 1093 diem
828 1028 990 1094 obiit
1035 1029 1215 1110 (Tac.
1261 1052 1315 1095 a.
1363 1030 1521 1096 XIV
1547 1031 1686 1113 ,19).
1774 1029 2099 1095 Aufidium
2141 1029 2432 1105 Bassum,
2495 1046 2685 1109 quem

394 1127 777 1194 Mommsen:
848 1130 975 1195 Die
1036 1130 1324 1196 Cbronik
1378 1132 1490 1198 des
1553 1130 1901 1197 Cassiodor
1955 1152 2016 1215 p.
2064 1134 2184 1194 558
2225 1149 2362 1211 sqq.
2409 1127 2686 1211 Augusti

396 1234 460 1292 et
501 1228 749 1294 Tiberii
807 1237 1094 1316 tempora
1148 1232 1396 1298 dixisse
1458 1232 1741 1297 dilucide
1785 1231 2080 1307 ostendit,
2140 1230 2333 1314 paulo
2376 1228 2684 1293 maiorem

394 1329 692 1395 Noniano
736 1338 889 1397 natu
934 1332 1133 1398 fuisse
1178 1333 1614 1411 Quintilianus
1623 1333 1719 1417 ,Χ
1770 1337 1822 1415 1,
1874 1335 2011 1414 108,
2058 1348 2364 1413 quassum
2391 1335 2456 1394 et
2485 1327 2683 1393 aetati

394 1428 822 1496 obluctantem
865 1432 1113 1498 Seneca
1155 1453 1254 1518 ep.
1301 1436 1397 1517 30,
1449 1439 1475 1496 1
1527 1434 1700 1498 circa
1742 1453 1797 1497 a.
1845 1436 1925 1496 60
1969 1429 2312 1497 tradidere.
2372 1449 2408 1494 e
2451 1428 2683 1512 quibus

394 1531 811 1615 scriptoribus
866 1551 1059 1598 unum
1118 1535 1346 1599 Tacito
1402 1554 1517 1619 pro
1579 1535 1753 1599 fonte
1816 1533 2016 1599 fuisse
2079 1551 2324 1597 censeo.
2383 1530 2499 1596 sed
2532 1550 2683 1596 vere

393 1650 475 1695 an
546 1631 712 1697 falso
776 1632 934 1698 haec
1007 1636 1537 1720 computaverim,
1607 1635 1818 1701 Taciti
1888 1640 2208 1701 auctorem
2267 1639 2415 1698 ante
2481 1653 2535 1697 a.
2602 1635 2685 1695 60

394 1731 737 1816 scripsisse
796 1734 987 1817 longe
1031 1735 1180 1800 aliis
1226 1736 1620 1820 argumentis
1668 1736 1828 1801 satis
1870 1736 2290 1801 confirmatur.
2354 1740 2608 1800 constat
2649 1755 2684 1800 e

394 1832 699 1899 Suetonio
745 1854 794 1899 c.
824 1837 902 1896 22
949 1833 1331 1920 Caligulam,
1375 1843 1715 1921 postquam
1750 1857 1958 1902 rerum
1997 1836 2237 1920 potitus
2285 1843 2399 1920 est,
2445 1843 2682 1902 castro-

393 1954 529 1999 rum
579 1934 698 1999 filii
751 1955 1103 2019 cognomen
1149 1937 1595 2022 assumpsisse.
1660 1937 1780 2003 hac
1824 1958 1894 2003 re
1936 1936 2193 2002 deducti
2238 1945 2430 2020 atque
2473 1936 2684 2001 infan-

394 2043 523 2100 tem
581 2035 760 2102 illum
825 2036 894 2101 in
948 2038 1177 2103 castris
1224 2038 1750 2104 Germanicarum
1809 2039 2131 2121 legionum
2176 2044 2497 2103 versatum
2543 2057 2684 2103 esse

397 2137 697 2203 certiores
745 2137 899 2203 facti
969 2158 1176 2222 paene
1220 2158 1438 2204 omnes
1502 2140 1793 2204 homines
1839 2139 2073 2203 Gaium
2115 2139 2313 2204 etiam
2354 2144 2573 2204 natum
2617 2138 2686 2203 in

397 2238 624 2303 castris
682 2239 847 2304 falso
896 2238 1260 2305 credebant.
1320 2239 1385 2303 in
1442 2259 1632 2322 quem
1689 2259 1965 2304 errorem
2025 2239 2326 2322 quoniam
2374 2239 2685 2305 Senecam

393 2336 844 2423 philosophum
922 2341 1258 2426 Caligulae
1341 2341 1678 2425 aequalem
1756 2340 2060 2406 incidisse
2128 2360 2324 2424 supra-
2387 2339 2684 2423 vidimuS,

395 2438 471 2523 ie,
535 2440 645 2522 qui
702 2441 819 2507 sub
864 2442 1118 2509 Nerone
1177 2464 1278 2510 res
1337 2464 1504 2509 anno
1555 2448 1629 2507 14
1674 2449 1889 2526 gestas
1946 2442 2290 2508 memoriae
2352 2440 2686 2509 mandaret

393 2541 567 2607 haud
625 2542 818 2608 dubie
877 2544 1120 2610 incidit.
1170 2564 1366 2627 quare
1424 2564 1582 2622 cum,
1647 2551 1714 2608 ut
1768 2544 1997 2609 Tacito
2043 2551 2106 2609 et
2148 2544 2360 2609 Dione
2404 2543 2571 2609 inter
2616 2563 2685 2608 se

393 2643 779 2727 comparatis
821 2645 1095 2709 evictum
1138 2652 1251 2722 est,
1310 2645 1660 2711 communis
1694 2652 1914 2713 auctor
1943 2646 2014 2711 in
2059 2653 2303 2712 tantum
2344 2664 2473 2709 non
2516 2662 2683 2708 erra-

392 2746 504 2829 vit,
549 2746 747 2811 nimio
790 2746 1094 2830 temporis
1141 2747 1353 2832 spatio
1396 2747 1521 2813 iste
1566 2768 1606 2812 a
1648 2748 1837 2814 rebus
1866 2769 1921 2813 a.
1961 2753 2034 2812 14
2078 2746 2279 2831 gestis
2325 2744 2682 2810 disiunctus

392 2864 519 2910 non
566 2846 704 2911 fuit.
750 2845 865 2911 sed
895 2846 1196 2931 Caligula
1236 2848 1592 2946 imperante
1643 2857 1961 2915 auctorem
2006 2847 2204 2912 libros
2235 2844 2521 2911 edidisse
2549 2842 2686 2908 veri

393 2945 604 3010 simile
658 2966 785 3011 non
839 2954 953 3013 est.
998 2968 1147 3013 nam
1204 2948 1526 3034 princeps,
1582 2968 1966 3032 quamquam
2010 2946 2196 3012 initio
2241 2943 2501 3027 quidem
2548 2941 2686 3006 Titi

393 3044 684 3129 Labieni,
746 3046 939 3113 Cordi
996 3049 1322 3134 Cremutii,
1382 3050 1596 3116 Cassii
1644 3050 1867 3115 Severi
1934 3048 2175 3132 scripta
2230 3051 2489 3112 senatus
2538 3063 2684 3109 con·
2747 3133 2751 3138 ,

394 3147 578 3212 sultis
637 3148 883 3215 abolita
938 3153 1179 3234 requiri
1233 3159 1295 3218 ct
1353 3172 1495 3219 esse
1539 3152 1606 3216 in
1654 3151 1947 3217 manibus
1990 3148 2394 3230 lectitarique
2436 3146 2685 3211 iuberet

393 3248 589 3323 (Suet.
638 3250 844 3337 Calig.
891 3273 940 3316 c.
994 3252 1096 3334 16)
1147 3252 1520 3335 Tiberiique
1578 3253 1922 3318 memoriae
1969 3249 2418 3327 inimicissium
2460 3268 2531 3314 se
2576 3268 2683 3332 ge-

392 3356 572 3426 reret,
635 3357 847 3416 tamen
907 3350 1153 3417 duobus
1210 3353 1396 3418 annis
1441 3360 1588 3437 post
1630 3352 1695 3417 in
1742 3351 2127 3418 contrariam
2171 3356 2417 3434 partem
2461 3369 2683 3414 versus

389 3449 604 3515 omnia
664 3451 952 3516 eiusdem
1019 3454 1193 3519 facta
1257 3453 1325 3517 in
1393 3460 1620 3518 senatu
1680 3452 1976 3537 probavit
2042 3449 2458 3533 laudavitque
2530 3448 2682 3529 (Dio

391 3548 546 3613 LIX
594 3549 716 3635 16).
764 3571 929 3634 quae
988 3572 1129 3617 cum
1181 3555 1275 3620 ita
1318 3554 1466 3638 sint,
1517 3554 1903 3620 necessita-te
1946 3553 2224 3636 quadam
2267 3550 2571 3634 cogimur,
2615 3556 2685 3615 ut

392 3649 511 3714 sub
569 3650 824 3715 mitiore
878 3651 1261 3736 imperatore
1321 3652 1593 3719 Claudio
1656 3674 1716 3716 a.
1773 3657 2023 3715 41-—54
2092 3652 2306 3719 Taciti
2362 3660 2683 3718 auctorem

391 3750 727 3835 scripsisse
801 3751 1205 3818 affirmemus.
1284 3753 1514 3835 quibus
1580 3752 1935 3836 affirmatis,
2005 3752 2060 3817 si
2122 3773 2263 3818 eam
2328 3774 2492 3837 rem,
2559 3773 2684 3836 qua

391 3851 727 3917 referenda
771 3852 1036 3918 Tacitus
1104 3852 1189 3917 ad
1251 3873 1370 3918 sua
1443 3854 1647 3938 ipsius
1713 3861 2003 3939 tempora
2046 3853 2335 3938 proxime
2396 3873 2679 3919 accesse-

389 3950 491 4032 rit,
538 3972 705 4017 nunc
753 3953 1238 4038 investigamus,
1282 3953 1580 4019 Cassium
1614 3953 1966 4020 Chaerea-m
2017 3953 2091 4019 Cr.
2141 3953 2440 4019 Caesaris
2489 3953 2681 4018 inter-

394 4059 761 4137 emptorem,
821 4054 932 4137 qui
977 4074 1032 4119 a.
1077 4055 1108 4120 I
1151 4059 1228 4118 32
1273 4064 1674 4134 memoratur,
1743 4056 1824 4122 ob
1881 4076 2103 4121 recens
2170 4055 2420 4120 facinus
2475 4074 2515 4118 a
2556 4055 2682 4118 Ta-

392 4152 504 4217 citi
550 4159 808 4219 auctore
854 4164 1269 4222 memoratum
1314 4156 1516 4223 fuisse
1561 4157 2020 4236 iudicabimus3
2081 4156 2235 4221 item
2279 4155 2335 4220 si
2382 4153 2461 4220 de
2505 4155 2682 4220 Sem-

390 4253 604 4337 pronii
650 4253 925 4320 Gracchi
985 4255 1182 4321 caede
1223 4255 1498 4341 legimus
1568 4278 1618 4322 c.
1666 4262 1775 4321 53:
1828 4257 2113 4349 ‘quidam
2152 4275 2280 4322 non
2323 4258 2527 4321 Roma
2573 4276 2683 4322 eos

390 4354 648 4439 militeS,
690 4355 804 4421 sed
848 4356 930 4422 ab
975 4357 1044 4422 L.
1090 4356 1447 4443 Asprenate
1489 4358 1867 4444 proconsule
1903 4357 2164 4424 Africae
2208 4356 2440 4424 missos
2484 4357 2681 4423 tradi-

392 4453 542 4520 dere
583 4462 843 4523 auctore
875 4457 1157 4541 Tiberin,
1206 4458 1317 4542 qui
1364 4459 1604 4526 famam
1659 4457 1879 4526 caedis
1921 4478 2116 4544 posse
2154 4458 2224 4525 in
2263 4459 2687 4545 Asprenatem
