3037 4913
1404 202 1475 252 24

287 364 708 455 αὐτοκράτωρ
780 359 959 435 εἶναι.
1040 369 1382 457 Ψηφισθὲν
1482 369 1829 436 mitabatur
1872 366 2088 434 literas
2143 369 2228 435 ad
2282 372 2589 437 exercitus

284 467 401 556 γὰρ
449 463 626 557 αὐτῷ
668 470 775 535 καὶ
816 473 1011 535 τοῦτο
1048 493 1217 553 μετα
1253 473 1384 533 τῶν
1486 477 1796 551 tanquam
1826 467 2063 554 adepto
2091 469 2586 555 principatumi-

290 561 503 636 ἄλλων
546 563 886 655 ὀνομάτων
935 595 1059 636 ουκ
1107 570 1385 652 ἐδέξατο.
1489 569 1576 634 sit
1590 588 1905 652 nusquam
1928 569 2431 651 cunctabundus,
2457 571 2587 637 nisi

294 670 400 736 καὶ
442 667 557 736 τὸν
582 672 818 757 κλῆρον
844 676 961 738 τοῦ
988 667 1175 757 Λῦγο
1188 666 1386 737 ὑστου
1492 688 1635 734 cum
1679 668 1747 734 in
1792 676 2021 735 senatu
2065 669 2443 751 loqueretur.

288 766 505 854 λαβών
581 769 695 858 τὴν
763 769 1098 858 ἐπίκλησιν
1183 763 1384 838 αὗτοῦ
1575 772 1629 832 8.
1719 821 1730 834 .
1763 822 1774 834 .
1808 822 1819 834 .
1852 822 1864 834 .
1913 771 2343 855 populumque
2375 772 2585 839 edicto

287 867 524 958 ταύτην
565 865 684 940 οὐκ
730 868 950 939 ἔθετο.
992 868 1146 952 τούς
1166 897 1226 937 τε
1256 895 1380 939 σω·
1486 868 1750 951 monuit,
1789 889 1871 935 ne
1909 878 1977 937 ut
2020 870 2341 953 quondam
2368 870 2588 938 nimiis

291 968 762 1060 ματοφύλακας
824 964 995 1060 ἄμφ’
1039 968 1236 1039 αὑτὸν
1271 963 1387 1058 ἤδη
1490 966 1725 1034 studiis
1791 968 1980 1034 funus
2050 970 2188 1036 divi
2248 971 2399 1037 Iulii
2458 978 2585 1036 tur-

294 1069 460 1154 ἔχων
505 1072 716 1140 ἐδεῖτο
765 1070 845 1160 dr)
896 1079 1014 1160 τῆς
1050 1072 1390 1161 γερουσίας
1493 1070 1770 1145 bassent,
1818 1069 1913 1134 ita
1934 1070 2291 1155 Augustum
2333 1071 2403 1137 in
2450 1071 2592 1137 foro

291 1167 702 1258 συνάρασθαί
727 1170 996 1257 οἱ,ὡ’στε
1011 1174 1212 1261 μηδὲν
1229 1174 1388 1255 βίαι·
1494 1167 1709 1253 potius
1754 1187 1946 1252 quam
1981 1170 2048 1235 in
2093 1172 2317 1256 campo
2364 1172 2587 1237 Martis

291 1297 371 1338 ον
420 1272 486 1338 ἐν
529 1276 608 1363 τῇ
672 1278 791 1341 τοῦ
849 1270 1155 1359 σώματος
1190 1266 1390 1340 αὐτοῦ
1494 1267 1648 1333 sede
1693 1266 2017 1339 destinata
2039 1272 2308 1337 cremari
2335 1271 2586 1337 vellent.

285 1375 463 1461 ταφῇ
510 1379 787 1441 παθεῖν.
837 1373 1070 1442 ἐδεδίει
1113 1371 1233 1460 γὰρ
1280 1375 1395 1459 δῆ-

287 1478 429 1553 θεν,
489 1470 580 1560 μή
635 1498 808 1554 τινες
846 1467 1007 1541 αὐτὸ
1052 1469 1392 1558 ἁρπάσαν·

288 1597 396 1652 τες
439 1571 505 1639 ἑν
546 1577 626 1664 τῇ
667 1568 878 1664 ἀγορᾷ
921 1570 1147 1661 ὥσπερ
1173 1570 1392 1641 τὸτοῦ

295 1673 633 1759 Καίσαρος
677 1669 1028 1742 καύσωσιν.
1080 1675 1187 1741 καὶ
1215 1675 1388 1741 ἐπει·

292 1770 370 1861 δή
414 1800 483 1861 γε
543 1769 1092 1860 κομψευσάμενός
1134 1798 1233 1852 τις
1276 1773 1387 1840 ἐπὶ

288 1870 502 1963 τούτῳ
563 1870 861 1964 φρουρὰν
913 1867 1089 1961 αὐτῷ
1136 1872 1225 1952 ὣς
1269 1866 1387 1940 οὔκ

292 1971 508 2057 ἔχοντι
540 1975 827 2059 δοθῆναι
865 1973 1244 2057 ἑσηγίσατο,
1275 1967 1390 2039 τόν

289 2099 359 2140 τε
437 2072 800 2157 χλευασμὸν
875 2065 1075 2138 αὐτοῦ
1156 2077 1387 2159 συνῆκε

291 2174 398 2242 καὶ
443 2172 590 2263 ἔφη,
653 2170 752 2241 ὅτι
808 2174 914 2240 καὶ
973 2168 1035 2239 οἱ
1082 2176 1390 2257 στρατιῶ-

292 2300 395 2342 ται
443 2266 569 2342 οὐκ
629 2274 796 2358 ἐμοὶ,
852 2266 1023 2341 ἄλλα
1082 2268 1392 2360 δημόσιοί

295 2373 438 2444 εἶσι.

491 2480 773 2546 Primum
820 2478 1203 2546 monendum
1250 2486 1366 2562 est,
1410 2479 1582 2561 qnod
1625 2478 1706 2545 de
1740 2481 2003 2546 Tiberio
2033 2480 2428 2566 praesidium
2474 2483 2586 2546 mi·

294 2582 482 2648 litare
554 2601 595 2645 a
660 2586 887 2647 senatu
957 2586 1214 2665 petente
1273 2578 1447 2664 apud
1513 2579 1811 2646 Tacitum
1865 2601 1946 2648 ne
2005 2581 2267 2649 verbum
2326 2580 2584 2665 quidem

294 2679 601 2765 scriptum
660 2686 772 2746 est.
832 2687 1115 2745 attamen
1169 2679 1457 2745 Taciteis
1517 2679 1619 2747 his
1664 2702 1714 2746 c.
1762 2684 1841 2744 8:
1912 2682 2038 2747 Die
2078 2681 2317 2748 funeris
2361 2680 2594 2747 milites*

292 2781 457 2846 velut
481 2781 812 2862 praesidio
854 2785 1086 2858 stetere,
1148 2779 1382 2846 Dionis
1443 2781 1729 2847 narratio
1784 2784 2064 2850 maxime
2126 2781 2586 2867 comprobatur.

295 2882 564 2964 accedit,
614 2880 786 2965 quod
819 2880 900 2948 de
936 2880 1251 2948 senatoris
1293 2882 1705 2949 cavillatione
1748 2903 1911 2950 unus
1941 2884 2068 2949 Dio
2110 2883 2376 2949 verbum
2417 2881 2587 2952 fecit.

297 3002 461 3066 quae
522 3002 664 3049 cum
722 2981 805 3047 ad
866 2982 1140 3067 Augusti
1195 2983 1590 3068 sepulturam
1652 2984 1868 3049 omnia
1933 2984 2122 3051 simul
2180 2990 2497 3069 spectent,
2550 3001 2587 3046 e

295 3081 570 3149 diversis
631 3081 995 3149 auctoribus
1061 3082 1328 3148 collecta
1393 3101 1534 3148 esse
1600 3102 1784 3148 nemo
1829 3084 2233 3152 concesserit.
2300 3082 2446 3148 ideo
2506 3101 2587 3148 ex

299 3186 524 3253 eodem
566 3191 843 3260 auctore,
901 3183 1009 3264 qui
1054 3202 1156 3248 res
1217 3182 1446 3249 Tacito
1492 3182 1817 3267 copiosius
1879 3191 2257 3259 enarrasset,
2325 3190 2588 3266 uterque

295 3307 414 3354 sua
459 3283 705 3371 petivit.

495 3384 740 3464 Quibus
788 3381 1063 3467 cognitis
1109 3381 1416 3450 adeamus
1460 3384 1648 3451 haec:

379 3507 429 3552 c.
478 3489 548 3550 2:
627 3480 858 3549 ἔπειτα
918 3480 987 3547 δὲ
1049 3475 1400 3561 κοινωνούς

294 3583 366 3649 τέ
406 3606 583 3661 τινας
610 3581 718 3648 καὶ
759 3576 1209 3666 συνάρχοντας,
1256 3573 1397 3647 nisu

294 3707 363 3768 γε
408 3683 514 3749 καὶ
560 3679 824 3748 πάντων
868 3676 1206 3765 καθαπαξ,
1273 3676 1396 3749 (30-

296 3808 424 3869 περ
471 3782 537 3851 ἓν
581 3775 911 3872 ὀλιγαρχίᾳ
952 3776 1093 3849 αλλ’
1140 3782 1206 3861 ἐς
1250 3780 1397 3867 τρία

293 3884 457 3971 μέρη
504 3883 714 3968 νέμων
783 3874 986 3969 αὔξων
1046 3873 1215 3973 ᾔτει·
1289 3907 1396 3948 και

296 3980 374 4051 τὸ
417 3982 537 4069 μὲν
568 3976 767 4063 αυτὸς
811 3980 982 4066 ἔχειι
1027 3976 1235 4071 ἠξίου,
1267 3986 1398 4049 ’τῶι

298 4084 369 4151 δὲ
425 4081 664 4169 ἑτέρων
723 4074 946 4163 ἄλλοις
1007 4079 1394 4168 παρεχώρει.

298 4172 380 4272 ἢν
424 4184 495 4252 δὲ
523 4187 724 4250 ταῦτα
753 4180 825 4251 ἓν
850 4184 969 4269 μὲν
1016 4180 1059 4270 ἦ
1088 4208 1158 4250 τε
1184 4178 1394 4270 Ῥώμη

297 4286 404 4353 καὶ
444 4286 482 4373 ἦ
529 4276 687 4372 ἶίλλη
726 4277 988 4352 Ἰταλία·
1054 4281 1280 4368 ἕτερον
1321 4283 1394 4352 δὲ
2151 4351 2164 4362 ,

298 4382 379 4452 τὰ
419 4380 868 4471 στρατόπεδα·
916 4386 1020 4452 καὶ
1065 4383 1288 4472 ἕτερον
1329 4378 1389 4450 οἱ
1585 4388 1691 4449 12:
1752 4385 1924 4452 Inter
1987 4402 2153 4466 quae
2218 4391 2445 4450 senatu
2503 4379 2591 4446 ad
