<?xml version="1.0" encoding="UTF-8"?>
<!DOCTYPE html PUBLIC "-//W3C//DTD XHTML 1.0 Transitional//EN"
    "http://www.w3.org/TR/xhtml1/DTD/xhtml1-transitional.dtd">
<html xmlns="http://www.w3.org/1999/xhtml" xml:lang="en" lang="en">
 <head>
  <title>
</title>
<meta http-equiv="Content-Type" content="text/html;charset=utf-8" />
  <meta name='ocr-system' content='tesseract 3.04.00' />
  <meta name='ocr-capabilities' content='ocr_page ocr_carea ocr_par ocr_line ocrx_word'/>
</head>
<body>
  <div class='ocr_page' id='page_1' title='image "./detacitifontibu00froigoog_0015.png"; bbox 0 0 3037 4913; ppageno 0'>
   <div class='ocr_carea' id='block_1_1' title="bbox 1508 246 1543 295">
    <p class='ocr_par' dir='ltr' id='par_1_1' title="bbox 1508 246 1543 295">
     <span class='ocr_line' id='line_1_1' title="bbox 1508 246 1543 295; baseline 0 0"><span class='ocrx_word' id='word_1_1' title='bbox 1508 246 1543 295; x_wconf 84' lang='lat'>9</span> 
     </span>
    </p>
   </div>
   <div class='ocr_carea' id='block_1_2' title="bbox 377 411 2680 2518">
    <p class='ocr_par' dir='ltr' id='par_1_2' title="bbox 377 411 2676 1100">
     <span class='ocr_line' id='line_1_2' title="bbox 377 411 2676 500; baseline 0.001 -21"><span class='ocrx_word' id='word_1_2' title='bbox 377 411 458 494; x_wconf 82' lang='lat' dir='ltr'><strong>(c.</strong></span> <span class='ocrx_word' id='word_1_3' title='bbox 504 414 630 494; x_wconf 84' lang='lat'><strong>40).</strong></span> <span class='ocrx_word' id='word_1_4' title='bbox 694 419 828 477; x_wconf 88' lang='lat' dir='ltr'><strong>tum</strong></span> <span class='ocrx_word' id='word_1_5' title='bbox 882 432 1033 478; x_wconf 87' lang='lat' dir='ltr'><strong>vero</strong></span> <span class='ocrx_word' id='word_1_6' title='bbox 1079 411 1453 479; x_wconf 84' lang='lat' dir='ltr'><strong>dilectorum</strong></span> <span class='ocrx_word' id='word_1_7' title='bbox 1517 413 1687 480; x_wconf 89' lang='lat' dir='ltr'><strong>tristi</strong></span> <span class='ocrx_word' id='word_1_8' title='bbox 1750 414 1928 481; x_wconf 85' lang='lat' dir='ltr'><strong>abitu</strong></span> <span class='ocrx_word' id='word_1_9' title='bbox 1972 416 2359 500; x_wconf 83' lang='lat' dir='ltr'><strong>planctuque</strong></span> <span class='ocrx_word' id='word_1_10' title='bbox 2403 417 2676 483; x_wconf 77' lang='lat' dir='ltr'><strong>rebelles</strong></span> 
     </span>
     <span class='ocr_line' id='line_1_3' title="bbox 385 510 2674 602; baseline 0.003 -26"><span class='ocrx_word' id='word_1_11' title='bbox 385 510 470 575; x_wconf 89' lang='lat' dir='ltr'><strong>ad</strong></span> <span class='ocrx_word' id='word_1_12' title='bbox 513 511 975 595; x_wconf 89' lang='lat' dir='ltr'><strong>poenitentiam</strong></span> <span class='ocrx_word' id='word_1_13' title='bbox 1022 512 1232 600; x_wconf 83' lang='lat' dir='ltr'><strong>subito</strong></span> <span class='ocrx_word' id='word_1_14' title='bbox 1275 512 1427 579; x_wconf 83' lang='lat' dir='ltr'><strong>flexi</strong></span> <span class='ocrx_word' id='word_1_15' title='bbox 1473 521 1636 579; x_wconf 90' lang='lat' dir='ltr'><strong>sunt.</strong></span> <span class='ocrx_word' id='word_1_16' title='bbox 1681 520 1745 580; x_wconf 89' lang='lat' dir='ltr'><strong>et</strong></span> <span class='ocrx_word' id='word_1_17' title='bbox 1785 533 1938 599; x_wconf 90' lang='lat' dir='ltr'><strong>pars</strong></span> <span class='ocrx_word' id='word_1_18' title='bbox 1982 514 2240 598; x_wconf 87' lang='lat' dir='ltr'><strong>quidem</strong></span> <span class='ocrx_word' id='word_1_19' title='bbox 2276 516 2674 602; x_wconf 79' lang='lat' dir='ltr'><strong>Agrippinae</strong></span> 
     </span>
     <span class='ocr_line' id='line_1_4' title="bbox 383 611 2676 700; baseline 0.003 -24"><span class='ocrx_word' id='word_1_20' title='bbox 383 619 790 677; x_wconf 75' lang='lat' dir='ltr'><strong>occursantes</strong></span> <span class='ocrx_word' id='word_1_21' title='bbox 835 611 1090 696; x_wconf 71' lang='lat' dir='ltr'><strong>rediret,</strong></span> <span class='ocrx_word' id='word_1_22' title='bbox 1131 622 1435 697; x_wconf 90' lang='lat' dir='ltr'><strong>maneret,</strong></span> <span class='ocrx_word' id='word_1_23' title='bbox 1481 614 1767 693; x_wconf 87' lang='lat' dir='ltr'><strong>orabant,</strong></span> <span class='ocrx_word' id='word_1_24' title='bbox 1817 617 2078 700; x_wconf 79' lang='lat' dir='ltr'>plurimi</span> <span class='ocrx_word' id='word_1_25' title='bbox 2113 616 2199 681; x_wconf 91' lang='lat' dir='ltr'><strong>ad</strong></span> <span class='ocrx_word' id='word_1_26' title='bbox 2223 614 2676 683; x_wconf 80' lang='lat' dir='ltr'><strong>Germanicum</strong></span> 
     </span>
     <span class='ocr_line' id='line_1_5' title="bbox 383 713 2674 801; baseline 0.003 -25"><span class='ocrx_word' id='word_1_27' title='bbox 383 713 662 797; x_wconf 82' lang='lat' dir='ltr'><strong>regressi</strong></span> <span class='ocrx_word' id='word_1_28' title='bbox 706 713 786 794; x_wconf 89' lang='lat' dir='ltr'><strong>(c.</strong></span> <span class='ocrx_word' id='word_1_29' title='bbox 835 715 960 797; x_wconf 83' lang='lat'><strong>41),</strong></span> <span class='ocrx_word' id='word_1_30' title='bbox 1029 735 1170 781; x_wconf 89' lang='lat' dir='ltr'><strong>cum</strong></span> <span class='ocrx_word' id='word_1_31' title='bbox 1219 721 1455 800; x_wconf 86' lang='lat' dir='ltr'><strong>magna</strong></span> <span class='ocrx_word' id='word_1_32' title='bbox 1507 716 1617 781; x_wconf 91' lang='lat' dir='ltr'><strong>ille</strong></span> <span class='ocrx_word' id='word_1_33' title='bbox 1679 716 1966 782; x_wconf 90' lang='lat' dir='ltr'><strong>oratione</strong></span> <span class='ocrx_word' id='word_1_34' title='bbox 2010 716 2233 783; x_wconf 90' lang='lat' dir='ltr'><strong>habita</strong></span> <span class='ocrx_word' id='word_1_35' title='bbox 2274 717 2351 798; x_wconf 90' lang='lat' dir='ltr'><strong>(c.</strong></span> <span class='ocrx_word' id='word_1_36' title='bbox 2398 719 2674 801; x_wconf 84' lang='lat'>42—43)</span> 
     </span>
     <span class='ocr_line' id='line_1_6' title="bbox 382 813 2676 902; baseline 0.002 -25"><span class='ocrx_word' id='word_1_37' title='bbox 382 820 446 877; x_wconf 90' lang='lat' dir='ltr'><strong>et</strong></span> <span class='ocrx_word' id='word_1_38' title='bbox 487 813 744 879; x_wconf 85' lang='lat' dir='ltr'><strong>veniam</strong></span> <span class='ocrx_word' id='word_1_39' title='bbox 785 815 1149 899; x_wconf 90' lang='lat' dir='ltr'><strong>petentibus</strong></span> <span class='ocrx_word' id='word_1_40' title='bbox 1200 815 1486 883; x_wconf 84' lang='lat' dir='ltr'><strong>dedisset</strong></span> <span class='ocrx_word' id='word_1_41' title='bbox 1530 824 1594 881; x_wconf 88' lang='lat' dir='ltr'><strong>et</strong></span> <span class='ocrx_word' id='word_1_42' title='bbox 1636 816 1839 883; x_wconf 89' lang='lat' dir='ltr'><strong>filium</strong></span> <span class='ocrx_word' id='word_1_43' title='bbox 1883 816 2206 902; x_wconf 90' lang='lat' dir='ltr'><strong>legionum</strong></span> <span class='ocrx_word' id='word_1_44' title='bbox 2238 818 2564 884; x_wconf 85' lang='lat' dir='ltr'><strong>alumnum</strong></span> <span class='ocrx_word' id='word_1_45' title='bbox 2608 818 2676 882; x_wconf 92' lang='lat' dir='ltr'><strong>in</strong></span> 
     </span>
     <span class='ocr_line' id='line_1_7' title="bbox 383 913 2675 1001; baseline 0.003 -23"><span class='ocrx_word' id='word_1_46' title='bbox 383 921 595 980; x_wconf 88' lang='lat' dir='ltr'><strong>castra</strong></span> <span class='ocrx_word' id='word_1_47' title='bbox 636 913 987 981; x_wconf 88' lang='lat' dir='ltr'><strong>rediturum</strong></span> <span class='ocrx_word' id='word_1_48' title='bbox 1036 916 1363 1001; x_wconf 88' lang='lat' dir='ltr'><strong>pollicitus</strong></span> <span class='ocrx_word' id='word_1_49' title='bbox 1408 924 1593 993; x_wconf 85' lang='lat' dir='ltr'><strong>esset,</strong></span> <span class='ocrx_word' id='word_1_50' title='bbox 1665 917 1882 982; x_wconf 88' lang='lat' dir='ltr'><strong>statim</strong></span> <span class='ocrx_word' id='word_1_51' title='bbox 1943 917 2131 983; x_wconf 89' lang='lat' dir='ltr'><strong>finem</strong></span> <span class='ocrx_word' id='word_1_52' title='bbox 2179 918 2518 985; x_wconf 87' lang='lat' dir='ltr'><strong>rebellioni</strong></span> <span class='ocrx_word' id='word_1_53' title='bbox 2562 920 2675 985; x_wconf 87' lang='lat' dir='ltr'><strong>im·</strong></span> 
     </span>
     <span class='ocr_line' id='line_1_8' title="bbox 382 1023 748 1100; baseline -0.005 -19"><span class='ocrx_word' id='word_1_54' title='bbox 382 1023 748 1100; x_wconf 88' lang='lat' dir='ltr'><strong>posuerunt.</strong></span> 
     </span>
    </p>

    <p class='ocr_par' dir='ltr' id='par_1_3' title="bbox 383 1116 2680 1702">
     <span class='ocr_line' id='line_1_9' title="bbox 583 1116 2680 1201; baseline 0.001 -20"><span class='ocrx_word' id='word_1_55' title='bbox 583 1116 668 1181; x_wconf 93' lang='lat' dir='ltr'><strong>At</strong></span> <span class='ocrx_word' id='word_1_56' title='bbox 712 1116 838 1180; x_wconf 90' lang='lat' dir='ltr'><strong>Dio</strong></span> <span class='ocrx_word' id='word_1_57' title='bbox 885 1137 935 1181; x_wconf 91' lang='lat' dir='ltr'><strong>c.</strong></span> <span class='ocrx_word' id='word_1_58' title='bbox 981 1122 1016 1179; x_wconf 83' lang='lat'>5</span> <span class='ocrx_word' id='word_1_59' title='bbox 1062 1116 1489 1201; x_wconf 80' lang='lat' dir='ltr'><strong>Agrippinam</strong></span> <span class='ocrx_word' id='word_1_60' title='bbox 1538 1124 1601 1181; x_wconf 90' lang='lat' dir='ltr'><strong>et</strong></span> <span class='ocrx_word' id='word_1_61' title='bbox 1644 1116 1896 1200; x_wconf 79' lang='lat' dir='ltr'><strong>Gaium,</strong></span> <span class='ocrx_word' id='word_1_62' title='bbox 1960 1116 2112 1183; x_wconf 88' lang='lat' dir='ltr'><strong>dum</strong></span> <span class='ocrx_word' id='word_1_63' title='bbox 2156 1120 2321 1184; x_wconf 91' lang='lat' dir='ltr'><strong>clam</strong></span> <span class='ocrx_word' id='word_1_64' title='bbox 2365 1118 2680 1185; x_wconf 85' lang='lat' dir='ltr'><strong>militibus</strong></span> 
     </span>
     <span class='ocr_line' id='line_1_10' title="bbox 386 1218 2679 1305; baseline 0.001 -22"><span class='ocrx_word' id='word_1_65' title='bbox 386 1238 420 1283; x_wconf 91' lang='lat' dir='ltr'><strong>e</strong></span> <span class='ocrx_word' id='word_1_66' title='bbox 468 1218 696 1285; x_wconf 85' lang='lat' dir='ltr'><strong>castris</strong></span> <span class='ocrx_word' id='word_1_67' title='bbox 763 1219 1217 1297; x_wconf 83' lang='lat' dir='ltr'><strong>emitterentur,</strong></span> <span class='ocrx_word' id='word_1_68' title='bbox 1286 1220 1356 1284; x_wconf 94' lang='lat' dir='ltr'><strong>in</strong></span> <span class='ocrx_word' id='word_1_69' title='bbox 1420 1220 1651 1285; x_wconf 89' lang='lat' dir='ltr'><strong>itinere</strong></span> <span class='ocrx_word' id='word_1_70' title='bbox 1717 1220 1801 1285; x_wconf 87' lang='lat' dir='ltr'><strong>ab</strong></span> <span class='ocrx_word' id='word_1_71' title='bbox 1870 1220 2003 1286; x_wconf 87' lang='lat' dir='ltr'><strong>illis</strong></span> <span class='ocrx_word' id='word_1_72' title='bbox 2068 1228 2289 1305; x_wconf 90' lang='lat' dir='ltr'><strong>captos</strong></span> <span class='ocrx_word' id='word_1_73' title='bbox 2354 1220 2554 1286; x_wconf 82' lang='lat' dir='ltr'><strong>tradit</strong></span> <span class='ocrx_word' id='word_1_74' title='bbox 2616 1228 2679 1285; x_wconf 92' lang='lat' dir='ltr'><strong>et</strong></span> 
     </span>
     <span class='ocr_line' id='line_1_11' title="bbox 383 1318 2678 1405; baseline 0.002 -23"><span class='ocrx_word' id='word_1_75' title='bbox 383 1318 810 1405; x_wconf 86' lang='lat' dir='ltr'><strong>Agrippinam</strong></span> <span class='ocrx_word' id='word_1_76' title='bbox 880 1319 1157 1403; x_wconf 88' lang='lat' dir='ltr'><strong>quidem,</strong></span> <span class='ocrx_word' id='word_1_77' title='bbox 1222 1320 1393 1403; x_wconf 91' lang='lat' dir='ltr'><strong>quod</strong></span> <span class='ocrx_word' id='word_1_78' title='bbox 1451 1319 1721 1404; x_wconf 85' lang='lat' dir='ltr'><strong>gravida</strong></span> <span class='ocrx_word' id='word_1_79' title='bbox 1792 1328 1945 1403; x_wconf 89' lang='lat' dir='ltr'><strong>erat,</strong></span> <span class='ocrx_word' id='word_1_80' title='bbox 2012 1322 2223 1387; x_wconf 89' lang='lat' dir='ltr'><strong>oranti</strong></span> <span class='ocrx_word' id='word_1_81' title='bbox 2296 1321 2678 1387; x_wconf 81' lang='lat' dir='ltr'><strong>Germanico</strong></span> 
     </span>
     <span class='ocr_line' id='line_1_12' title="bbox 384 1418 2679 1504; baseline 0.002 -22"><span class='ocrx_word' id='word_1_82' title='bbox 384 1419 652 1485; x_wconf 85' lang='lat' dir='ltr'><strong>liberam</strong></span> <span class='ocrx_word' id='word_1_83' title='bbox 694 1418 1044 1498; x_wconf 85' lang='lat' dir='ltr'><strong>dimissam,</strong></span> <span class='ocrx_word' id='word_1_84' title='bbox 1119 1420 1233 1486; x_wconf 89' lang='lat' dir='ltr'><strong>sed</strong></span> <span class='ocrx_word' id='word_1_85' title='bbox 1310 1421 1544 1487; x_wconf 81' lang='lat' dir='ltr'><strong>Gaium</strong></span> <span class='ocrx_word' id='word_1_86' title='bbox 1611 1428 1925 1488; x_wconf 89' lang='lat' dir='ltr'><strong>retentum</strong></span> <span class='ocrx_word' id='word_1_87' title='bbox 1994 1440 2136 1488; x_wconf 88' lang='lat' dir='ltr'><strong>esse</strong></span> <span class='ocrx_word' id='word_1_88' title='bbox 2184 1428 2266 1504; x_wconf 90' lang='lat' dir='ltr'><strong>et,</strong></span> <span class='ocrx_word' id='word_1_89' title='bbox 2311 1441 2452 1487; x_wconf 90' lang='lat' dir='ltr'><strong>cum</strong></span> <span class='ocrx_word' id='word_1_90' title='bbox 2513 1421 2679 1487; x_wconf 89' lang='lat' dir='ltr'><strong>nihil</strong></span> 
     </span>
     <span class='ocr_line' id='line_1_13' title="bbox 385 1519 2678 1604; baseline 0.001 -19"><span class='ocrx_word' id='word_1_91' title='bbox 385 1539 455 1585; x_wconf 90' lang='lat' dir='ltr'><strong>se</strong></span> <span class='ocrx_word' id='word_1_92' title='bbox 509 1539 927 1604; x_wconf 84' lang='lat' dir='ltr'><strong>expressuros</strong></span> <span class='ocrx_word' id='word_1_93' title='bbox 992 1521 1481 1598; x_wconf 83' lang='lat' dir='ltr'><strong>intellexissent,</strong></span> <span class='ocrx_word' id='word_1_94' title='bbox 1551 1529 1684 1586; x_wconf 89' lang='lat' dir='ltr'><strong>tum</strong></span> <span class='ocrx_word' id='word_1_95' title='bbox 1726 1521 1988 1587; x_wconf 88' lang='lat' dir='ltr'><strong>tandem</strong></span> <span class='ocrx_word' id='word_1_96' title='bbox 2033 1522 2305 1588; x_wconf 88' lang='lat' dir='ltr'><strong>rebelles</strong></span> <span class='ocrx_word' id='word_1_97' title='bbox 2367 1519 2452 1587; x_wconf 82' lang='lat' dir='ltr'><strong>ad</strong></span> <span class='ocrx_word' id='word_1_98' title='bbox 2498 1521 2678 1587; x_wconf 91' lang='lat' dir='ltr'><strong>obse-</strong></span> 
     </span>
     <span class='ocr_line' id='line_1_14' title="bbox 385 1619 1350 1702; baseline 0.001 -18"><span class='ocrx_word' id='word_1_99' title='bbox 385 1619 604 1702; x_wconf 88' lang='lat' dir='ltr'><strong>quium</strong></span> <span class='ocrx_word' id='word_1_100' title='bbox 648 1620 921 1688; x_wconf 88' lang='lat' dir='ltr'><strong>rediisse</strong></span> <span class='ocrx_word' id='word_1_101' title='bbox 971 1629 1192 1688; x_wconf 89' lang='lat' dir='ltr'><strong>auctor</strong></span> <span class='ocrx_word' id='word_1_102' title='bbox 1235 1630 1350 1688; x_wconf 91' lang='lat' dir='ltr'><strong>est.</strong></span> 
     </span>
    </p>

    <p class='ocr_par' dir='ltr' id='par_1_4' title="bbox 383 1720 2680 2518">
     <span class='ocr_line' id='line_1_15' title="bbox 582 1720 2680 1809; baseline 0.001 -22"><span class='ocrx_word' id='word_1_103' title='bbox 582 1720 854 1787; x_wconf 91' lang='lat' dir='ltr'><strong>Abunde</strong></span> <span class='ocrx_word' id='word_1_104' title='bbox 899 1729 1169 1807; x_wconf 89' lang='lat' dir='ltr'><strong>apparet</strong></span> <span class='ocrx_word' id='word_1_105' title='bbox 1211 1722 1509 1787; x_wconf 89' lang='lat' dir='ltr'><strong>Tacitum</strong></span> <span class='ocrx_word' id='word_1_106' title='bbox 1553 1730 1617 1789; x_wconf 91' lang='lat' dir='ltr'><strong>et</strong></span> <span class='ocrx_word' id='word_1_107' title='bbox 1660 1723 1936 1787; x_wconf 91' lang='lat' dir='ltr'><strong>Dionem</strong></span> <span class='ocrx_word' id='word_1_108' title='bbox 1978 1722 2059 1787; x_wconf 91' lang='lat' dir='ltr'><strong>de</strong></span> <span class='ocrx_word' id='word_1_109' title='bbox 2106 1722 2233 1787; x_wconf 86' lang='lat' dir='ltr'><strong>ista</strong></span> <span class='ocrx_word' id='word_1_110' title='bbox 2277 1722 2680 1809; x_wconf 87' lang='lat' dir='ltr'><strong>Agrippinae</strong></span> 
     </span>
     <span class='ocr_line' id='line_1_16' title="bbox 386 1820 2680 1906; baseline 0.001 -19"><span class='ocrx_word' id='word_1_111' title='bbox 386 1821 639 1905; x_wconf 80' lang='lat' dir='ltr'><strong>Gaique</strong></span> <span class='ocrx_word' id='word_1_112' title='bbox 700 1821 1108 1906; x_wconf 81' lang='lat' dir='ltr'><strong>ablegatione</strong></span> <span class='ocrx_word' id='word_1_113' title='bbox 1174 1843 1366 1906; x_wconf 88' lang='lat' dir='ltr'><strong>quam</strong></span> <span class='ocrx_word' id='word_1_114' title='bbox 1422 1822 1703 1887; x_wconf 81' lang='lat' dir='ltr'><strong>maxime</strong></span> <span class='ocrx_word' id='word_1_115' title='bbox 1762 1821 1929 1887; x_wconf 90' lang='lat' dir='ltr'><strong>inter</strong></span> <span class='ocrx_word' id='word_1_116' title='bbox 1989 1842 2060 1887; x_wconf 89' lang='lat' dir='ltr'><strong>se</strong></span> <span class='ocrx_word' id='word_1_117' title='bbox 2102 1820 2463 1890; x_wconf 87' lang='lat' dir='ltr'><strong>dissentire.</strong></span> <span class='ocrx_word' id='word_1_118' title='bbox 2529 1844 2680 1889; x_wconf 89' lang='lat' dir='ltr'><strong>nam</strong></span> 
     </span>
     <span class='ocr_line' id='line_1_17' title="bbox 387 1922 2679 2008; baseline 0.002 -21"><span class='ocrx_word' id='word_1_119' title='bbox 387 1922 668 2000; x_wconf 80' lang='lat' dir='ltr'><strong>Tacitus,</strong></span> <span class='ocrx_word' id='word_1_120' title='bbox 717 1923 827 2006; x_wconf 89' lang='lat' dir='ltr'><strong>qui</strong></span> <span class='ocrx_word' id='word_1_121' title='bbox 859 1923 1241 1990; x_wconf 88' lang='lat' dir='ltr'><strong>seditionem</strong></span> <span class='ocrx_word' id='word_1_122' title='bbox 1281 1923 1363 1989; x_wconf 90' lang='lat' dir='ltr'><strong>ab</strong></span> <span class='ocrx_word' id='word_1_123' title='bbox 1391 1923 1758 2008; x_wconf 89' lang='lat' dir='ltr'><strong>Agrippina</strong></span> <span class='ocrx_word' id='word_1_124' title='bbox 1779 1932 1842 1989; x_wconf 90' lang='lat' dir='ltr'><strong>et</strong></span> <span class='ocrx_word' id='word_1_125' title='bbox 1867 1923 2031 1988; x_wconf 79' lang='lat' dir='ltr'><strong>Gaio</strong></span> <span class='ocrx_word' id='word_1_126' title='bbox 2077 1943 2508 2007; x_wconf 86' lang='lat' dir='ltr'><strong>compressam</strong></span> <span class='ocrx_word' id='word_1_127' title='bbox 2535 1944 2679 1991; x_wconf 88' lang='lat' dir='ltr'><strong>esse</strong></span> 
     </span>
     <span class='ocr_line' id='line_1_18' title="bbox 384 2023 2678 2108; baseline 0.002 -21"><span class='ocrx_word' id='word_1_128' title='bbox 384 2030 707 2102; x_wconf 88' lang='lat' dir='ltr'><strong>memorat,</strong></span> <span class='ocrx_word' id='word_1_129' title='bbox 751 2023 1202 2090; x_wconf 77' lang='lat' dir='ltr'><strong>Germanicum</strong></span> <span class='ocrx_word' id='word_1_130' title='bbox 1245 2033 1378 2090; x_wconf 91' lang='lat' dir='ltr'><strong>tum</strong></span> <span class='ocrx_word' id='word_1_131' title='bbox 1423 2023 1682 2108; x_wconf 88' lang='lat' dir='ltr'><strong>quidem</strong></span> <span class='ocrx_word' id='word_1_132' title='bbox 1721 2023 2035 2106; x_wconf 89' lang='lat' dir='ltr'><strong>floruisse,</strong></span> <span class='ocrx_word' id='word_1_133' title='bbox 2082 2031 2148 2088; x_wconf 88' lang='lat' dir='ltr'><strong>at</strong></span> <span class='ocrx_word' id='word_1_134' title='bbox 2172 2024 2318 2107; x_wconf 92' lang='lat' dir='ltr'><strong>Dio,</strong></span> <span class='ocrx_word' id='word_1_135' title='bbox 2364 2045 2506 2091; x_wconf 88' lang='lat' dir='ltr'><strong>cum</strong></span> <span class='ocrx_word' id='word_1_136' title='bbox 2530 2026 2678 2092; x_wconf 90' lang='lat' dir='ltr'><strong>illos</strong></span> 
     </span>
     <span class='ocr_line' id='line_1_19' title="bbox 387 2124 2678 2212; baseline 0.001 -23"><span class='ocrx_word' id='word_1_137' title='bbox 387 2143 512 2190; x_wconf 91' lang='lat' dir='ltr'><strong>non</strong></span> <span class='ocrx_word' id='word_1_138' title='bbox 579 2124 784 2189; x_wconf 91' lang='lat' dir='ltr'><strong>solum</strong></span> <span class='ocrx_word' id='word_1_139' title='bbox 844 2145 972 2190; x_wconf 91' lang='lat' dir='ltr'><strong>non</strong></span> <span class='ocrx_word' id='word_1_140' title='bbox 1042 2124 1372 2191; x_wconf 85' lang='lat' dir='ltr'><strong>sedavisse</strong></span> <span class='ocrx_word' id='word_1_141' title='bbox 1433 2125 1790 2206; x_wconf 91' lang='lat' dir='ltr'><strong>tumultum,</strong></span> <span class='ocrx_word' id='word_1_142' title='bbox 1857 2125 2048 2189; x_wconf 90' lang='lat' dir='ltr'><strong>immo</strong></span> <span class='ocrx_word' id='word_1_143' title='bbox 2132 2124 2344 2209; x_wconf 91' lang='lat' dir='ltr'><strong>potius</strong></span> <span class='ocrx_word' id='word_1_144' title='bbox 2389 2127 2471 2192; x_wconf 88' lang='lat' dir='ltr'><strong>ab</strong></span> <span class='ocrx_word' id='word_1_145' title='bbox 2515 2126 2678 2212; x_wconf 90' lang='lat' dir='ltr'><strong>ipsis</strong></span> 
     </span>
     <span class='ocr_line' id='line_1_20' title="bbox 383 2224 2679 2310; baseline 0.001 -21"><span class='ocrx_word' id='word_1_146' title='bbox 383 2224 915 2290; x_wconf 88' lang='lat' dir='ltr'><strong>tumultuantibus</strong></span> <span class='ocrx_word' id='word_1_147' title='bbox 976 2231 1198 2310; x_wconf 88' lang='lat' dir='ltr'><strong>captos</strong></span> <span class='ocrx_word' id='word_1_148' title='bbox 1242 2245 1383 2291; x_wconf 91' lang='lat' dir='ltr'><strong>esse</strong></span> <span class='ocrx_word' id='word_1_149' title='bbox 1425 2225 1775 2309; x_wconf 85' lang='lat' dir='ltr'><strong>scripserit,</strong></span> <span class='ocrx_word' id='word_1_150' title='bbox 1835 2224 2288 2291; x_wconf 80' lang='lat' dir='ltr'><strong>Germanicum</strong></span> <span class='ocrx_word' id='word_1_151' title='bbox 2331 2225 2398 2289; x_wconf 90' lang='lat' dir='ltr'><strong>in</strong></span> <span class='ocrx_word' id='word_1_152' title='bbox 2441 2226 2679 2292; x_wconf 89' lang='lat' dir='ltr'><strong>misera</strong></span> 
     </span>
     <span class='ocr_line' id='line_1_21' title="bbox 386 2321 2679 2411; baseline 0.001 -22"><span class='ocrx_word' id='word_1_153' title='bbox 386 2324 587 2391; x_wconf 87' lang='lat' dir='ltr'><strong>fuisse</strong></span> <span class='ocrx_word' id='word_1_154' title='bbox 632 2324 1000 2391; x_wconf 91' lang='lat' dir='ltr'><strong>conditione</strong></span> <span class='ocrx_word' id='word_1_155' title='bbox 1054 2321 1272 2410; x_wconf 85' lang='lat' dir='ltr'><strong>aperte</strong></span> <span class='ocrx_word' id='word_1_156' title='bbox 1316 2324 1578 2392; x_wconf 88' lang='lat' dir='ltr'><strong>indicat.</strong></span> <span class='ocrx_word' id='word_1_157' title='bbox 1637 2324 1903 2411; x_wconf 80' lang='lat' dir='ltr'><strong>accedit,</strong></span> <span class='ocrx_word' id='word_1_158' title='bbox 1951 2324 2121 2408; x_wconf 90' lang='lat' dir='ltr'><strong>quod</strong></span> <span class='ocrx_word' id='word_1_159' title='bbox 2164 2325 2338 2409; x_wconf 89' lang='lat' dir='ltr'><strong>apud</strong></span> <span class='ocrx_word' id='word_1_160' title='bbox 2382 2325 2679 2392; x_wconf 82' lang='lat' dir='ltr'><strong>Taciturn</strong></span> 
     </span>
     <span class='ocr_line' id='line_1_22' title="bbox 385 2424 2679 2518; baseline 0 -27"><span class='ocrx_word' id='word_1_161' title='bbox 385 2424 623 2492; x_wconf 89' lang='lat' dir='ltr'><strong>milites</strong></span> <span class='ocrx_word' id='word_1_162' title='bbox 668 2446 708 2490; x_wconf 91' lang='lat' dir='ltr'><strong>a</strong></span> <span class='ocrx_word' id='word_1_163' title='bbox 753 2425 1135 2493; x_wconf 81' lang='lat' dir='ltr'><strong>Germanico</strong></span> <span class='ocrx_word' id='word_1_164' title='bbox 1178 2426 1354 2507; x_wconf 88' lang='lat' dir='ltr'><strong>duce,</strong></span> <span class='ocrx_word' id='word_1_165' title='bbox 1417 2425 1592 2513; x_wconf 88' lang='lat' dir='ltr'><strong>apud</strong></span> <span class='ocrx_word' id='word_1_166' title='bbox 1636 2427 1911 2492; x_wconf 93' lang='lat' dir='ltr'><strong>Dionem</strong></span> <span class='ocrx_word' id='word_1_167' title='bbox 1958 2425 2380 2492; x_wconf 75' lang='lat' dir='ltr'><strong>Germanicus</strong></span> <span class='ocrx_word' id='word_1_168' title='bbox 2428 2445 2468 2491; x_wconf 90' lang='lat' dir='ltr'><strong>a</strong></span> <span class='ocrx_word' id='word_1_169' title='bbox 2512 2425 2679 2518; x_wconf 75' lang='lat' dir='ltr'><strong>mili-</strong></span> 
     </span>
    </p>
   </div>
   <div class='ocr_carea' id='block_1_3' title="bbox 285 2526 2680 2613">
    <p class='ocr_par' dir='ltr' id='par_1_5' title="bbox 285 2526 2680 2613">
     <span class='ocr_line' id='line_1_23' title="bbox 285 2526 2680 2613; baseline 0.001 -21"><span class='ocrx_word' id='word_1_170' title='bbox 285 2574 290 2579; x_wconf 84' lang='lat'>-</span> <span class='ocrx_word' id='word_1_171' title='bbox 385 2527 559 2608; x_wconf 80' lang='lat' dir='ltr'><strong>tibus</strong></span> <span class='ocrx_word' id='word_1_172' title='bbox 604 2527 740 2594; x_wconf 90' lang='lat' dir='ltr'><strong>suis</strong></span> <span class='ocrx_word' id='word_1_173' title='bbox 778 2548 1040 2593; x_wconf 83' lang='lat' dir='ltr'><strong>uxorem</strong></span> <span class='ocrx_word' id='word_1_174' title='bbox 1083 2529 1261 2613; x_wconf 88' lang='lat' dir='ltr'><strong>petit.</strong></span> <span class='ocrx_word' id='word_1_175' title='bbox 1304 2548 1423 2594; x_wconf 89' lang='lat' dir='ltr'><strong>nec</strong></span> <span class='ocrx_word' id='word_1_176' title='bbox 1465 2548 1596 2594; x_wconf 91' lang='lat' dir='ltr'><strong>non</strong></span> <span class='ocrx_word' id='word_1_177' title='bbox 1645 2527 1903 2594; x_wconf 86' lang='lat' dir='ltr'><strong>diversa</strong></span> <span class='ocrx_word' id='word_1_178' title='bbox 1937 2527 2096 2592; x_wconf 89' lang='lat' dir='ltr'><strong>haec</strong></span> <span class='ocrx_word' id='word_1_179' title='bbox 2145 2526 2225 2592; x_wconf 89' lang='lat' dir='ltr'><strong>de</strong></span> <span class='ocrx_word' id='word_1_180' title='bbox 2267 2526 2680 2612; x_wconf 84' lang='lat' dir='ltr'><strong>expeditione</strong></span> 
     </span>
    </p>
   </div>
   <div class='ocr_carea' id='block_1_4' title="bbox 385 2626 2686 4526">
    <p class='ocr_par' dir='ltr' id='par_1_6' title="bbox 385 2626 2680 3099">
     <span class='ocr_line' id='line_1_24' title="bbox 385 2626 2679 2712; baseline 0.001 -19"><span class='ocrx_word' id='word_1_181' title='bbox 385 2628 453 2694; x_wconf 95' lang='lat' dir='ltr'><strong>in</strong></span> <span class='ocrx_word' id='word_1_182' title='bbox 518 2626 930 2693; x_wconf 81' lang='lat' dir='ltr'><strong>Germaniam</strong></span> <span class='ocrx_word' id='word_1_183' title='bbox 995 2630 1168 2694; x_wconf 87' lang='lat' dir='ltr'><strong>facta</strong></span> <span class='ocrx_word' id='word_1_184' title='bbox 1231 2629 1312 2694; x_wconf 89' lang='lat' dir='ltr'><strong>ab</strong></span> <span class='ocrx_word' id='word_1_185' title='bbox 1377 2636 1644 2712; x_wconf 90' lang='lat' dir='ltr'><strong>utroque</strong></span> <span class='ocrx_word' id='word_1_186' title='bbox 1697 2627 2049 2694; x_wconf 88' lang='lat' dir='ltr'><strong>traduntur.</strong></span> <span class='ocrx_word' id='word_1_187' title='bbox 2122 2627 2347 2694; x_wconf 88' lang='lat' dir='ltr'><strong>scribit</strong></span> <span class='ocrx_word' id='word_1_188' title='bbox 2414 2629 2679 2695; x_wconf 86' lang='lat' dir='ltr'><strong>Tacitus</strong></span> 
     </span>
     <span class='ocr_line' id='line_1_25' title="bbox 387 2729 2679 2814; baseline 0 -20"><span class='ocrx_word' id='word_1_189' title='bbox 387 2750 437 2795; x_wconf 91' lang='lat' dir='ltr'><strong>c.</strong></span> <span class='ocrx_word' id='word_1_190' title='bbox 483 2733 562 2792; x_wconf 84' lang='lat'><strong>49</strong></span> <span class='ocrx_word' id='word_1_191' title='bbox 611 2729 688 2793; x_wconf 85' lang='lat' dir='ltr'><strong>cf.</strong></span> <span class='ocrx_word' id='word_1_192' title='bbox 737 2749 787 2793; x_wconf 90' lang='lat' dir='ltr'><strong>c.</strong></span> <span class='ocrx_word' id='word_1_193' title='bbox 831 2733 913 2791; x_wconf 83' lang='lat'><strong>44</strong></span> <span class='ocrx_word' id='word_1_194' title='bbox 979 2729 1428 2795; x_wconf 84' lang='lat' dir='ltr'><strong>Germanicum</strong></span> <span class='ocrx_word' id='word_1_195' title='bbox 1489 2729 1781 2794; x_wconf 90' lang='lat' dir='ltr'><strong>ardorem</strong></span> <span class='ocrx_word' id='word_1_196' title='bbox 1846 2730 2122 2795; x_wconf 88' lang='lat' dir='ltr'><strong>militum</strong></span> <span class='ocrx_word' id='word_1_197' title='bbox 2191 2737 2495 2812; x_wconf 88' lang='lat' dir='ltr'><strong>secutum,</strong></span> <span class='ocrx_word' id='word_1_198' title='bbox 2570 2730 2679 2814; x_wconf 90' lang='lat' dir='ltr'><strong>qui</strong></span> 
     </span>
     <span class='ocr_line' id='line_1_26' title="bbox 386 2829 2680 2914; baseline 0 -19"><span class='ocrx_word' id='word_1_199' title='bbox 386 2830 649 2895; x_wconf 91' lang='lat' dir='ltr'><strong>duceret</strong></span> <span class='ocrx_word' id='word_1_200' title='bbox 690 2830 758 2895; x_wconf 89' lang='lat' dir='ltr'><strong>in</strong></span> <span class='ocrx_word' id='word_1_201' title='bbox 805 2829 1067 2914; x_wconf 86' lang='lat' dir='ltr'><strong>hostem,</strong></span> <span class='ocrx_word' id='word_1_202' title='bbox 1107 2829 1435 2914; x_wconf 90' lang='lat' dir='ltr'><strong>piaculum</strong></span> <span class='ocrx_word' id='word_1_203' title='bbox 1481 2830 1714 2895; x_wconf 83' lang='lat' dir='ltr'><strong>furoris</strong></span> <span class='ocrx_word' id='word_1_204' title='bbox 1763 2837 2072 2905; x_wconf 89' lang='lat' dir='ltr'><strong>orassent,</strong></span> <span class='ocrx_word' id='word_1_205' title='bbox 2117 2830 2184 2895; x_wconf 92' lang='lat' dir='ltr'><strong>in</strong></span> <span class='ocrx_word' id='word_1_206' title='bbox 2228 2829 2474 2897; x_wconf 89' lang='lat' dir='ltr'><strong>Marsos</strong></span> <span class='ocrx_word' id='word_1_207' title='bbox 2523 2830 2680 2895; x_wconf 89' lang='lat' dir='ltr'><strong>irru-</strong></span> 
     </span>
     <span class='ocr_line' id='line_1_27' title="bbox 387 2930 2680 3016; baseline -0 -19"><span class='ocrx_word' id='word_1_208' title='bbox 387 2932 581 3016; x_wconf 89' lang='lat' dir='ltr'><strong>pisse,</strong></span> <span class='ocrx_word' id='word_1_209' title='bbox 642 2938 710 2998; x_wconf 90' lang='lat' dir='ltr'><strong>at</strong></span> <span class='ocrx_word' id='word_1_210' title='bbox 752 2931 880 2996; x_wconf 93' lang='lat' dir='ltr'><strong>Dio</strong></span> <span class='ocrx_word' id='word_1_211' title='bbox 928 2952 976 2996; x_wconf 90' lang='lat' dir='ltr'><strong>c.</strong></span> <span class='ocrx_word' id='word_1_212' title='bbox 1023 2935 1058 2993; x_wconf 88' lang='lat'>6</span> <span class='ocrx_word' id='word_1_213' title='bbox 1103 2951 1272 2996; x_wconf 84' lang='lat' dir='ltr'><strong>nova</strong></span> <span class='ocrx_word' id='word_1_214' title='bbox 1332 2930 1648 2996; x_wconf 88' lang='lat' dir='ltr'><strong>seditione</strong></span> <span class='ocrx_word' id='word_1_215' title='bbox 1707 2930 1970 2996; x_wconf 83' lang='lat' dir='ltr'><strong>anxium</strong></span> <span class='ocrx_word' id='word_1_216' title='bbox 2012 2931 2080 2995; x_wconf 88' lang='lat' dir='ltr'><strong>in</strong></span> <span class='ocrx_word' id='word_1_217' title='bbox 2132 2930 2347 2996; x_wconf 90' lang='lat' dir='ltr'><strong>hostes</strong></span> <span class='ocrx_word' id='word_1_218' title='bbox 2391 2931 2680 3015; x_wconf 89' lang='lat' dir='ltr'><strong>legiones</strong></span> 
     </span>
     <span class='ocr_line' id='line_1_28' title="bbox 390 3031 672 3099; baseline -0.007 -1"><span class='ocrx_word' id='word_1_219' title='bbox 390 3031 672 3099; x_wconf 86' lang='lat' dir='ltr'><strong>duxisse.</strong></span> 
     </span>
    </p>

    <p class='ocr_par' dir='ltr' id='par_1_7' title="bbox 386 3130 2684 3821">
     <span class='ocr_line' id='line_1_29' title="bbox 589 3130 2681 3217; baseline 0 -19"><span class='ocrx_word' id='word_1_220' title='bbox 589 3133 769 3198; x_wconf 90' lang='lat' dir='ltr'><strong>Haec</strong></span> <span class='ocrx_word' id='word_1_221' title='bbox 814 3132 1028 3197; x_wconf 83' lang='lat' dir='ltr'><strong>omnia</strong></span> <span class='ocrx_word' id='word_1_222' title='bbox 1093 3133 1257 3199; x_wconf 89' lang='lat' dir='ltr'><strong>inter</strong></span> <span class='ocrx_word' id='word_1_223' title='bbox 1316 3140 1618 3217; x_wconf 90' lang='lat' dir='ltr'><strong>utrosque</strong></span> <span class='ocrx_word' id='word_1_224' title='bbox 1680 3131 2118 3217; x_wconf 87' lang='lat' dir='ltr'><strong>discrepantia</strong></span> <span class='ocrx_word' id='word_1_225' title='bbox 2174 3138 2286 3197; x_wconf 86' lang='lat' dir='ltr'><strong>aut</strong></span> <span class='ocrx_word' id='word_1_226' title='bbox 2329 3151 2363 3197; x_wconf 88' lang='lat' dir='ltr'><strong>e</strong></span> <span class='ocrx_word' id='word_1_227' title='bbox 2406 3130 2681 3199; x_wconf 83' lang='lat' dir='ltr'><strong>diversis</strong></span> 
     </span>
     <span class='ocr_line' id='line_1_30' title="bbox 390 3231 2682 3300; baseline 0 -3"><span class='ocrx_word' id='word_1_228' title='bbox 390 3232 672 3299; x_wconf 80' lang='lat' dir='ltr'><strong>fontibus</strong></span> <span class='ocrx_word' id='word_1_229' title='bbox 742 3232 1007 3298; x_wconf 82' lang='lat' dir='ltr'><strong>fluxisse</strong></span> <span class='ocrx_word' id='word_1_230' title='bbox 1065 3240 1174 3298; x_wconf 86' lang='lat' dir='ltr'><strong>aut-</strong></span> <span class='ocrx_word' id='word_1_231' title='bbox 1218 3254 1254 3299; x_wconf 90' lang='lat' dir='ltr'><strong>e</strong></span> <span class='ocrx_word' id='word_1_232' title='bbox 1291 3233 1620 3300; x_wconf 77' lang='lat' dir='ltr'><strong>&#39;communi</strong></span> <span class='ocrx_word' id='word_1_233' title='bbox 1687 3233 1800 3299; x_wconf 89' lang='lat' dir='ltr'><strong>illo</strong></span> <span class='ocrx_word' id='word_1_234' title='bbox 1863 3233 2031 3298; x_wconf 89' lang='lat' dir='ltr'><strong>male</strong></span> <span class='ocrx_word' id='word_1_235' title='bbox 2094 3231 2387 3298; x_wconf 87' lang='lat' dir='ltr'><strong>derivata</strong></span> <span class='ocrx_word' id='word_1_236' title='bbox 2428 3253 2572 3298; x_wconf 91' lang='lat' dir='ltr'><strong>esse</strong></span> <span class='ocrx_word' id='word_1_237' title='bbox 2613 3232 2682 3298; x_wconf 90' lang='lat' dir='ltr'><strong>in</strong></span> 
     </span>
     <span class='ocr_line' id='line_1_31' title="bbox 387 3332 2682 3419; baseline 0 -20"><span class='ocrx_word' id='word_1_238' title='bbox 387 3332 755 3399; x_wconf 84' lang='lat' dir='ltr'><strong>universum</strong></span> <span class='ocrx_word' id='word_1_239' title='bbox 797 3332 1259 3401; x_wconf 84' lang='lat' dir='ltr'><strong>aestimaveris.</strong></span> <span class='ocrx_word' id='word_1_240' title='bbox 1305 3333 1424 3399; x_wconf 95' lang='lat' dir='ltr'><strong>sed</strong></span> <span class='ocrx_word' id='word_1_241' title='bbox 1466 3334 1743 3419; x_wconf 88' lang='lat' dir='ltr'><strong>primum</strong></span> <span class='ocrx_word' id='word_1_242' title='bbox 1770 3332 2308 3401; x_wconf 88' lang='lat' dir='ltr'><strong>considerandum</strong></span> <span class='ocrx_word' id='word_1_243' title='bbox 2350 3341 2466 3416; x_wconf 87' lang='lat' dir='ltr'><strong>est,</strong></span> <span class='ocrx_word' id='word_1_244' title='bbox 2511 3332 2682 3416; x_wconf 89' lang='lat' dir='ltr'><strong>quod</strong></span> 
     </span>
     <span class='ocr_line' id='line_1_32' title="bbox 388 3433 2684 3518; baseline 0 -19"><span class='ocrx_word' id='word_1_245' title='bbox 388 3434 455 3499; x_wconf 93' lang='lat' dir='ltr'><strong>in</strong></span> <span class='ocrx_word' id='word_1_246' title='bbox 506 3433 776 3500; x_wconf 88' lang='lat' dir='ltr'><strong>circuitu</strong></span> <span class='ocrx_word' id='word_1_247' title='bbox 822 3435 1174 3518; x_wconf 86' lang='lat' dir='ltr'><strong>verborum,</strong></span> <span class='ocrx_word' id='word_1_248' title='bbox 1220 3433 1451 3518; x_wconf 90' lang='lat' dir='ltr'><strong>quibus</strong></span> <span class='ocrx_word' id='word_1_249' title='bbox 1483 3434 1612 3499; x_wconf 89' lang='lat' dir='ltr'><strong>Dio</strong></span> <span class='ocrx_word' id='word_1_250' title='bbox 1658 3433 1997 3504; x_wconf 83' lang='lat' dir='ltr'><strong>seditionis</strong></span> <span class='ocrx_word' id='word_1_251' title='bbox 2041 3434 2232 3500; x_wconf 89' lang='lat' dir='ltr'><strong>finem</strong></span> <span class='ocrx_word' id='word_1_252' title='bbox 2263 3434 2451 3518; x_wconf 90' lang='lat' dir='ltr'><strong>longe</strong></span> <span class='ocrx_word' id='word_1_253' title='bbox 2495 3434 2684 3501; x_wconf 88' lang='lat' dir='ltr'><strong>aliter</strong></span> 
     </span>
     <span class='ocr_line' id='line_1_33' title="bbox 388 3533 2683 3620; baseline 0 -20"><span class='ocrx_word' id='word_1_254' title='bbox 388 3554 577 3618; x_wconf 88' lang='lat' dir='ltr'><strong>quam</strong></span> <span class='ocrx_word' id='word_1_255' title='bbox 627 3534 894 3601; x_wconf 85' lang='lat' dir='ltr'><strong>Tacitus</strong></span> <span class='ocrx_word' id='word_1_256' title='bbox 947 3534 1235 3613; x_wconf 87' lang='lat' dir='ltr'><strong>tradidit,</strong></span> <span class='ocrx_word' id='word_1_257' title='bbox 1298 3536 1608 3601; x_wconf 88' lang='lat' dir='ltr'><strong>nonnulla</strong></span> <span class='ocrx_word' id='word_1_258' title='bbox 1660 3541 1723 3600; x_wconf 90' lang='lat' dir='ltr'><strong>et</strong></span> <span class='ocrx_word' id='word_1_259' title='bbox 1782 3534 1863 3599; x_wconf 91' lang='lat' dir='ltr'><strong>de</strong></span> <span class='ocrx_word' id='word_1_260' title='bbox 1912 3534 2214 3619; x_wconf 85' lang='lat' dir='ltr'><strong>Caligula</strong></span> <span class='ocrx_word' id='word_1_261' title='bbox 2256 3553 2455 3620; x_wconf 89' lang='lat' dir='ltr'><strong>puero</strong></span> <span class='ocrx_word' id='word_1_262' title='bbox 2498 3541 2563 3599; x_wconf 87' lang='lat' dir='ltr'><strong>et</strong></span> <span class='ocrx_word' id='word_1_263' title='bbox 2600 3533 2683 3601; x_wconf 92' lang='lat' dir='ltr'><strong>de</strong></span> 
     </span>
     <span class='ocr_line' id='line_1_34' title="bbox 386 3633 2679 3721; baseline -0.001 -20"><span class='ocrx_word' id='word_1_264' title='bbox 386 3636 613 3720; x_wconf 88' lang='lat' dir='ltr'><strong>poenis</strong></span> <span class='ocrx_word' id='word_1_265' title='bbox 657 3656 699 3701; x_wconf 89' lang='lat' dir='ltr'><strong>a</strong></span> <span class='ocrx_word' id='word_1_266' title='bbox 742 3636 1087 3702; x_wconf 89' lang='lat' dir='ltr'><strong>rebellibus</strong></span> <span class='ocrx_word' id='word_1_267' title='bbox 1115 3636 1388 3721; x_wconf 91' lang='lat' dir='ltr'><strong>sumptis</strong></span> <span class='ocrx_word' id='word_1_268' title='bbox 1419 3636 1663 3721; x_wconf 89' lang='lat' dir='ltr'><strong>scripta</strong></span> <span class='ocrx_word' id='word_1_269' title='bbox 1707 3655 1849 3702; x_wconf 92' lang='lat' dir='ltr'><strong>cum</strong></span> <span class='ocrx_word' id='word_1_270' title='bbox 1881 3634 2167 3700; x_wconf 86' lang='lat' dir='ltr'><strong>Taciteis</strong></span> <span class='ocrx_word' id='word_1_271' title='bbox 2214 3634 2375 3719; x_wconf 90' lang='lat' dir='ltr'><strong>ipsis</strong></span> <span class='ocrx_word' id='word_1_272' title='bbox 2411 3633 2679 3699; x_wconf 86' lang='lat' dir='ltr'><strong>mirifice</strong></span> 
     </span>
     <span class='ocr_line' id='line_1_35' title="bbox 390 3744 767 3821; baseline 0 -20"><span class='ocrx_word' id='word_1_273' title='bbox 390 3744 767 3821; x_wconf 84' lang='lat' dir='ltr'><strong>congruunt:</strong></span> 
     </span>
    </p>

    <p class='ocr_par' dir='ltr' id='par_1_8' title="bbox 385 3831 2686 4426">
     <span class='ocr_line' id='line_1_36' title="bbox 473 3831 2683 3916; baseline -0.001 -13"><span class='ocrx_word' id='word_1_274' title='bbox 473 3858 524 3903; x_wconf 82' lang='grc' dir='ltr'><strong>ο.</strong></span> <span class='ocrx_word' id='word_1_275' title='bbox 568 3840 631 3901; x_wconf 86' lang='lat'><strong>5:</strong></span> <span class='ocrx_word' id='word_1_276' title='bbox 707 3888 719 3903; x_wconf 87' lang='lat'><strong>.</strong></span> <span class='ocrx_word' id='word_1_277' title='bbox 768 3890 779 3902; x_wconf 88' lang='lat'><strong>.</strong></span> <span class='ocrx_word' id='word_1_278' title='bbox 827 3891 837 3903; x_wconf 93' lang='lat'>.</span> <span class='ocrx_word' id='word_1_279' title='bbox 878 3834 993 3901; x_wconf 74' lang='grc' dir='ltr'><strong>τὸν</strong></span> <span class='ocrx_word' id='word_1_280' title='bbox 1052 3833 1210 3916; x_wconf 76' lang='grc' dir='ltr'><strong>ὖιὸν,</strong></span> <span class='ocrx_word' id='word_1_281' title='bbox 1297 3831 1488 3901; x_wconf 59' lang='grc' dir='ltr'><strong><em>[ἄιον</em></strong></span> <span class='ocrx_word' id='word_1_282' title='bbox 1666 3860 1717 3903; x_wconf 86' lang='lat' dir='ltr'><strong>c.</strong></span> <span class='ocrx_word' id='word_1_283' title='bbox 1762 3841 1870 3900; x_wconf 82' lang='lat'><strong>41:</strong></span> <span class='ocrx_word' id='word_1_284' title='bbox 1915 3837 2046 3901; x_wconf 83' lang='lat' dir='ltr'><strong>iam</strong></span> <span class='ocrx_word' id='word_1_285' title='bbox 2087 3835 2301 3901; x_wconf 80' lang='lat' dir='ltr'><strong>infans</strong></span> <span class='ocrx_word' id='word_1_286' title='bbox 2343 3836 2410 3901; x_wconf 86' lang='lat' dir='ltr'><strong>in</strong></span> <span class='ocrx_word' id='word_1_287' title='bbox 2452 3836 2683 3902; x_wconf 79' lang='lat' dir='ltr'><strong>castris</strong></span> 
     </span>
     <span class='ocr_line' id='line_1_37' title="bbox 392 3932 2680 4025; baseline -0.001 -23"><span class='ocrx_word' id='word_1_288' title='bbox 392 3932 772 4021; x_wconf 78' lang='grc' dir='ltr'><strong><em>Καλιγόλαν,</em></strong></span> <span class='ocrx_word' id='word_1_289' title='bbox 822 3932 922 4002; x_wconf 75' lang='grc' dir='ltr'><strong>ὅτι</strong></span> <span class='ocrx_word' id='word_1_290' title='bbox 973 3937 1040 4002; x_wconf 79' lang='grc' dir='ltr'><strong>ἐν</strong></span> <span class='ocrx_word' id='word_1_291' title='bbox 1077 3942 1171 4025; x_wconf 72' lang='grc' dir='ltr'><strong>τῷ</strong></span> <span class='ocrx_word' id='word_1_292' title='bbox 1214 3959 1486 4021; x_wconf 82' lang='grc' dir='ltr'><strong><em>στρατο-</em></strong></span> <span class='ocrx_word' id='word_1_293' title='bbox 1581 3937 1854 4023; x_wconf 86' lang='lat' dir='ltr'><strong>genitus,</strong></span> <span class='ocrx_word' id='word_1_294' title='bbox 1908 3937 1976 4001; x_wconf 91' lang='lat' dir='ltr'><strong>in</strong></span> <span class='ocrx_word' id='word_1_295' title='bbox 2024 3936 2439 4003; x_wconf 86' lang='lat' dir='ltr'><strong>contubernio</strong></span> <span class='ocrx_word' id='word_1_296' title='bbox 2483 3935 2680 4020; x_wconf 88' lang='lat' dir='ltr'><strong>legio-</strong></span> 
     </span>
     <span class='ocr_line' id='line_1_38' title="bbox 390 4034 2682 4127; baseline -0 -26"><span class='ocrx_word' id='word_1_297' title='bbox 390 4036 569 4125; x_wconf 77' lang='grc' dir='ltr'><strong>πέδῳ</strong></span> <span class='ocrx_word' id='word_1_298' title='bbox 599 4034 677 4104; x_wconf 77' lang='grc' dir='ltr'><strong>τὸ</strong></span> <span class='ocrx_word' id='word_1_299' title='bbox 705 4039 1018 4105; x_wconf 71' lang='grc' dir='ltr'><strong><em>πλεῖστον</em></strong></span> <span class='ocrx_word' id='word_1_300' title='bbox 1047 4040 1321 4127; x_wconf 78' lang='grc' dir='ltr'><strong><em>τραφεὶς</em></strong></span> <span class='ocrx_word' id='word_1_301' title='bbox 1349 4044 1490 4117; x_wconf 81' lang='grc' dir='ltr'><strong><em>τοῖς</em></strong></span> <span class='ocrx_word' id='word_1_302' title='bbox 1584 4060 1733 4106; x_wconf 91' lang='lat' dir='ltr'><strong>num</strong></span> <span class='ocrx_word' id='word_1_303' title='bbox 1807 4037 2091 4112; x_wconf 55' lang='lat' dir='ltr'><strong>eductus</strong></span> <span class='ocrx_word' id='word_1_304' title='bbox 2162 4056 2349 4118; x_wconf 91' lang='lat' dir='ltr'><strong>quem</strong></span> <span class='ocrx_word' id='word_1_305' title='bbox 2416 4035 2682 4102; x_wconf 90' lang='lat' dir='ltr'><strong>militari</strong></span> 
     </span>
     <span class='ocr_line' id='line_1_39' title="bbox 388 4131 2686 4224; baseline -0.001 -21"><span class='ocrx_word' id='word_1_306' title='bbox 388 4144 883 4224; x_wconf 82' lang='grc' dir='ltr'><strong><em>στρατιωτικοῖς</em></strong></span> <span class='ocrx_word' id='word_1_307' title='bbox 911 4134 1326 4224; x_wconf 80' lang='grc' dir='ltr'><strong><em>ὑποδήμασιν</em></strong></span> <span class='ocrx_word' id='word_1_308' title='bbox 1347 4131 1485 4203; x_wconf 68' lang='grc' dir='ltr'><strong>ἀντὶ</strong></span> <span class='ocrx_word' id='word_1_309' title='bbox 1581 4140 1893 4206; x_wconf 86' lang='lat' dir='ltr'><strong>vocabulo</strong></span> <span class='ocrx_word' id='word_1_310' title='bbox 1960 4137 2324 4222; x_wconf 82' lang='lat' dir='ltr'><strong>Caligulam</strong></span> <span class='ocrx_word' id='word_1_311' title='bbox 2399 4136 2686 4223; x_wconf 86' lang='lat' dir='ltr'><strong>appella-</strong></span> 
     </span>
     <span class='ocr_line' id='line_1_40' title="bbox 385 4228 2683 4325; baseline -0.001 -20"><span class='ocrx_word' id='word_1_312' title='bbox 385 4245 518 4307; x_wconf 82' lang='grc' dir='ltr'><strong>τῶν</strong></span> <span class='ocrx_word' id='word_1_313' title='bbox 571 4240 855 4308; x_wconf 73' lang='grc' dir='ltr'><strong><em>ἀστικῶν</em></strong></span> <span class='ocrx_word' id='word_1_314' title='bbox 909 4239 1157 4325; x_wconf 72' lang='grc' dir='ltr'><strong><em>ἐχρῆτο,</em></strong></span> <span class='ocrx_word' id='word_1_315' title='bbox 1224 4228 1485 4323; x_wconf 68' lang='grc' dir='ltr'><strong><em>προσισ-</em></strong></span> <span class='ocrx_word' id='word_1_316' title='bbox 1585 4241 1758 4319; x_wconf 86' lang='lat' dir='ltr'><strong>bant,</strong></span> <span class='ocrx_word' id='word_1_317' title='bbox 1804 4240 1959 4323; x_wconf 83' lang='lat' dir='ltr'><strong>quia</strong></span> <span class='ocrx_word' id='word_1_318' title='bbox 1998 4240 2374 4323; x_wconf 78' lang='lat' dir='ltr'><strong>plerumque</strong></span> <span class='ocrx_word' id='word_1_319' title='bbox 2416 4237 2503 4303; x_wconf 86' lang='lat' dir='ltr'><strong>ad</strong></span> <span class='ocrx_word' id='word_1_320' title='bbox 2537 4257 2683 4303; x_wconf 87' lang='lat' dir='ltr'><strong>con-</strong></span> 
     </span>
     <span class='ocr_line' id='line_1_41' title="bbox 388 4339 2684 4426; baseline -0.002 -19"><span class='ocrx_word' id='word_1_321' title='bbox 388 4339 667 4426; x_wconf 81' lang='grc' dir='ltr'><strong><em>νόμαζον</em></strong></span> <span class='ocrx_word' id='word_1_322' title='bbox 711 4395 721 4407; x_wconf 95' lang='grc'><em>.</em></span> <span class='ocrx_word' id='word_1_323' title='bbox 770 4395 781 4407; x_wconf 95' lang='grc'><strong>.</strong></span> <span class='ocrx_word' id='word_1_324' title='bbox 829 4394 842 4407; x_wconf 94' lang='grc'><strong>.</strong></span> <span class='ocrx_word' id='word_1_325' title='bbox 1584 4340 1870 4406; x_wconf 88' lang='lat' dir='ltr'><strong>cilianda</strong></span> <span class='ocrx_word' id='word_1_326' title='bbox 1885 4340 2064 4425; x_wconf 87' lang='lat' dir='ltr'><strong>vulgi</strong></span> <span class='ocrx_word' id='word_1_327' title='bbox 2080 4339 2300 4406; x_wconf 91' lang='lat' dir='ltr'><strong>studia</strong></span> <span class='ocrx_word' id='word_1_328' title='bbox 2312 4359 2388 4405; x_wconf 92' lang='lat' dir='ltr'><strong>eo</strong></span> <span class='ocrx_word' id='word_1_329' title='bbox 2403 4339 2684 4424; x_wconf 84' lang='lat' dir='ltr'><strong>tegmine</strong></span> 
     </span>
    </p>

    <p class='ocr_par' dir='ltr' id='par_1_9' title="bbox 1582 4439 2306 4526">
     <span class='ocr_line' id='line_1_42' title="bbox 1582 4439 2306 4526; baseline 0 -21"><span class='ocrx_word' id='word_1_330' title='bbox 1582 4440 1819 4526; x_wconf 91' lang='lat' dir='ltr'><strong>pedum</strong></span> <span class='ocrx_word' id='word_1_331' title='bbox 1864 4439 2306 4506; x_wconf 89' lang='lat' dir='ltr'><strong>induebantur.</strong></span> 
     </span>
    </p>
   </div>
  </div>
 </body>
</html>
