3037 4913
1479 235 1545 286 16

350 401 488 469 Ara
516 401 647 468 sita
672 402 880 471 fuerit.
925 404 1041 471 sed
1084 405 1240 488 quid
1279 406 1506 489 longus
1550 426 1690 473 sum
1734 407 1799 472 in
1845 428 1914 473 re
1945 408 2169 493 paucis
2191 407 2643 495 profliganda?

356 502 617 586 collegit
676 524 879 587 nuper
945 504 1333 572 Grotefend:
1403 507 1751 591 Imperium
1806 509 2163 574 Romanum
2202 509 2494 576 tributim
2535 510 2645 577 de-

354 602 662 688 scriptum
701 603 988 670 Hannov.
1050 609 1205 668 1863
1265 627 1324 690 p.
1375 609 1702 671 123—124
1748 607 2031 690 undique
2077 609 2346 695 lapides,
2391 612 2457 678 in
2506 613 2647 696 qui-

353 703 473 769 bus
520 723 632 788 pro
675 705 971 788 evolgato
996 726 1036 770 a
1061 705 1479 789 scriptoribus
1528 707 1719 789 inque
1769 710 2043 774 nummis
2071 711 2383 827 5coloniae
2408 712 2643 797 Agrip·

354 795 664 890 pinensis'
707 805 961 872 nomine
1004 797 1176 898 ‘Ara'
1223 815 1286 873 et
1328 807 1481 896 tAra
1500 806 2073 892 Agrippinensium
2115 812 2374 896 legitur.
2413 812 2645 897 quodsi

354 904 508 972 Ubii
550 904 702 971 inde
747 925 828 971 ex
872 927 927 972 a.
963 912 1042 972 50
1069 908 1580 993 Agrippinenses
1622 929 1703 973 ex
1746 909 2147 995 Agrippinae
2181 913 2472 980 coloniae
2497 934 2644 981 con·

355 1005 583 1072 ditoris
643 1007 900 1073 nomine
950 1010 1163 1075 vocati
1221 1016 1367 1075 sunt
1433 1008 1614 1090 (Tac.
1660 1030 1719 1074 a.
1766 1010 1896 1075 XII
1944 1015 2038 1090 27,
2103 1012 2181 1078 cf.
2246 1012 2454 1079 Germ.
2516 1017 2643 1097 28),

354 1106 476 1172 hoc
520 1129 561 1173 a
603 1108 789 1174 nobis
837 1110 1113 1176 evictum
1154 1119 1251 1176 est
1286 1118 1358 1192 et
1400 1119 1546 1196 post
1606 1111 1774 1178 hunc
1821 1133 2056 1179 annum
2096 1115 2296 1179 Aram
2339 1115 2642 1201 Agrippi-

354 1209 648 1275 nensium
712 1218 775 1276 et
840 1219 1032 1276 antea
1091 1213 1290 1277 Aram
1355 1213 1666 1279 Ubiorum
1731 1213 1969 1299 oppido
2012 1235 2129 1300 pro
2177 1217 2345 1283 iusto
2388 1217 2645 1283 nomine

239 1364 251 1373 ,
352 1310 573 1376 fuisse.
621 1320 891 1396 apparet
931 1312 1127 1395 igitur
1167 1312 1371 1379 tribus
1414 1313 1752 1379 vocabulis
1797 1314 2013 1381 hisce:
2076 1311 2335 1401 oppido,
2384 1317 2645 1384 civitate

353 1412 504 1495 Ara,
548 1431 712 1495 quae
753 1414 1068 1479 vocabula
1107 1415 1404 1481 brevibus
1447 1415 1749 1499 deinceps
1798 1416 2155 1482 intervallis
2204 1438 2255 1483 c.
2284 1421 2382 1501 36,
2418 1422 2515 1501 37,
2562 1423 2639 1483 39

354 1511 619 1579 Tacitus
678 1514 983 1598 posuerit,
1052 1535 1246 1580 unum
1301 1515 1514 1580 locum
1578 1515 1977 1599 significari3
2049 1537 2254 1599 neque
2320 1518 2447 1584 ista
2509 1538 2644 1584 ver—

354 1611 574 1677 borum
640 1614 915 1680 variatio
974 1616 1075 1681 vel
1123 1614 1193 1679 in
1253 1616 1708 1701 geographicis
1763 1616 1951 1682 rebus
2011 1616 2307 1685 adhibita
2348 1617 2645 1684 miranda

353 1715 608 1781 videtur
651 1716 824 1802 apud
865 1717 1179 1802 Tacitum,
1237 1718 1346 1800 qui
1404 1718 1725 1785 rhetorica
1773 1725 1910 1784 arte
1953 1718 2145 1785 nimis
2188 1719 2459 1804 pollens,
2503 1738 2647 1785 cum

352 1816 578 1883 eadem
617 1817 1092 1902 significaturus
1137 1819 1236 1896 sit,
1286 1819 1558 1884 diversis
1606 1839 1798 1904 saepe
1843 1819 2207 1885 nominibus
2249 1827 2477 1886 utatur.

519 1918 674 2003 Ipsa
733 1918 1059 2002 legionum
1133 1919 1551 1984 hibernacula
1616 1920 1786 1984 intra
1854 1919 2137 1986 civitatis
2198 1921 2452 1986 moenia
2520 1921 2647 1987 sita

355 2019 555 2085 fuisse
623 2018 774 2084 inde
818 2019 1241 2104 cognoscitur,
1310 2020 1477 2103 quod
1523 2019 1808 2086 Caecina
1874 2021 2159 2103 legiones
2203 2022 2275 2086 in
2318 2021 2646 2086 civitatem

355 2118 663 2185 Ubiorum
706 2119 977 2186 reduxit.
1024 2121 1139 2186 sed
1182 2142 1325 2187 cum
1367 2123 1645 2187 Plancus
1713 2122 2056 2205 legationis
2102 2121 2277 2187 illius
2321 2121 2639 2206 princepS,

357 2238 544 2302 quem
577 2222 864 2286 veterani
907 2222 1186 2288 furentes
1232 2231 1416 2289 nocte
1439 2222 1759 2308 *concubia
1779 2221 2103 2306 persecuti
2131 2230 2293 2300 sunt,
2337 2222 2407 2287 in
2434 2228 2648 2288 castra

356 2320 630 2404 legionis
673 2321 919 2405 primae
963 2322 1330 2406 confugisse
1377 2322 1453 2402 (c.
1504 2322 1608 2403 39)
1652 2329 1715 2387 et
1764 2320 2182 2387 Germanicus
2228 2322 2373 2389 luce
2417 2328 2647 2406 coepta

357 2420 545 2488 domo
605 2442 724 2488 sua
775 2430 987 2489 castra
1031 2422 1357 2507 ingressus
1418 2442 1560 2488 esse
1605 2420 1977 2504 referantur,
2046 2420 2308 2488 dubium
2348 2421 2462 2488 vix
2505 2441 2645 2488 esse

354 2530 582 2607 potest,
646 2524 819 2605 quin*
861 2532 925 2589 et
995 2523 1412 2589 Germanicus
1483 2529 1548 2587 et
1609 2521 1806 2605 legati
1859 2542 1900 2586 a
1941 2529 2169 2590 senatu
2210 2522 2645 2606 veteranique,

357 2623 597 2708 quippe
647 2623 757 2707 qui
810 2625 996 2690 missi
1058 2645 1187 2690 non
1242 2624 1373 2689 iam
1414 2643 1567 2709 pars
1619 2621 1946 2706 legionum
1990 2631 2228 2702 essent,
2293 2622 2360 2688 in
2408 2621 2646 2707 oppido

356 2724 499 2809 ipso
547 2724 875 2789 domicilia
912 2725 1267 2801 habuerint,
1313 2732 1375 2790 et
1420 2732 1634 2790 castra
1658 2722 1999 2807 legionum,
2048 2724 2171 2791 etsi
2208 2722 2461 2807 iisdem,
2506 2721 2643 2806 qui,-

352 2824 471 2890 bus
511 2832 646 2891 tota
686 2824 915 2890 civitas
960 2825 1289 2891 moenibus
1335 2824 1747 2907 circumdata,
1810 2823 2118 2889 seiunctis
2163 2830 2374 2889 tamen
2418 2844 2464 2888 a
2497 2822 2643 2890 reli-

355 2944 479 3007 quo
523 2924 763 3010 oppido
811 2925 971 2991 locis
1012 2925 1227 3011 posita
1270 2925 1524 2991 fuerint.

496 3026 619 3089 ‘Ex
662 3025 899 3111 oppido
945 3026 1143 3110 igitur
1188 3025 1498 3093 Ubiorum
1525 3026 1894 3111 Agrippina
1922 3026 2095 3091 circa
2123 3026 2447 3091 ineuntem
2473 3044 2644 3089 men·

355 3145 493 3191 sem
537 3124 673 3191 Oct.
719 3126 802 3191 ad
843 3127 1158 3193 Treveros
1222 3126 1344 3191 iter
1409 3125 1676 3210 occepit,
1740 3126 1920 3193 cuius
1974 3126 2251 3192 reditum
2291 3124 2392 3216 cob
2436 3123 2642 3189 immi·

353 3233 606 3292 nentem
650 3233 903 3310 partum
943 3236 1006 3294 et
1048 3217 1341 3293 hiemem'
1382 3228 1580 3295 etiam
1621 3235 1756 3293 tum
1799 3227 2216 3293 Germanicus
2260 3226 2339 3307 (c.
2388 3224 2495 3307 44)
2535 3243 2642 3289 ex-

355 3329 621 3404 cusavit,
669 3349 812 3394 cum
847 3326 1292 3394 rebellantium
1314 3327 1513 3393 animi
1560 3328 1644 3393 ad
1687 3328 2065 3410 obsequium
2090 3326 2432 3393 redierant.
2474 3323 2646 3408 quod

356 3429 414 3495 si
457 3428 721 3495 Tacitus
775 3426 1017 3511 scribit,
1078 3427 1505 3513 Agrippinam
1559 3427 1895 3513 gravidam
1946 3426 2032 3492 ad
2075 3428 2391 3522 Treveros
2433 3424 2643 3511 profe-

357 3540 525 3596 ctam
568 3529 785 3612 ibique
828 3528 1021 3614 paulo
1064 3536 1209 3613 post
1250 3535 1503 3613 partum
1545 3528 1804 3593 enixam
1858 3548 2001 3594 esse
2043 3548 2229 3594 nemo
2272 3526 2486 3594 extitit
2531 3524 2641 3608 qui

354 3630 621 3714 negarit.
676 3635 743 3695 at
803 3649 920 3695 nos
987 3648 1112 3694 non
1175 3629 1270 3694 ita
1330 3629 1530 3694 multo
1582 3635 1730 3713 post
1774 3629 1832 3694 d.
1882 3633 1918 3692 6
1963 3625 2123 3695 Nov.
2170 3648 2225 3693 a.
2276 3634 2352 3692 14
2394 3627 2464 3692 in
2502 3626 2645 3711 ipso

359 3729 669 3796 Ubiorum
712 3730 952 3815 oppido
995 3729 1339 3795 maximam
1384 3740 1539 3795 natu
1578 3729 1872 3813 filiarum,
1929 3729 2032 3795 cui
2078 3748 2114 3794 e
2158 3735 2361 3795 matre
2417 3746 2647 3794 nomen

357 3829 630 3896 inditum
674 3838 789 3914 est,
848 3830 915 3896 in
959 3831 1164 3897 lucem
1207 3829 1448 3895 editam
1506 3829 1708 3896 fuisse
1752 3829 1821 3896 in
1858 3828 2216 3914 appendice
2262 3848 2454 3912 quam
2497 3825 2647 3892 huic

356 3930 795 3998 dissertationi
832 3930 1120 3996 additam
1162 3928 1347 3996 vides
1391 3930 1768 3996 certissimis
1814 3929 2199 3997 testimoniis
2250 3925 2645 3996 confirmavi-

355 4052 512 4098 mus.
555 4031 725 4098 unde
766 4030 1065 4098 Tacitum
1108 4030 1230 4097 iter
1271 4029 1674 4115 Agrippinae
1715 4037 2085 4097 narrantem
2140 4029 2266 4095 fide
2308 4028 2646 4112 indignum

354 4152 496 4200 esse
533 4139 725 4218 patet.
772 4153 857 4199 an
897 4132 963 4197 in
1008 4131 1410 4215 aliquantum
1450 4130 1757 4216 temporis
1801 4149 2065 4197 uxorem
2105 4128 2443 4214 gravidam
2488 4125 2643 4192 Ger-

353 4230 661 4301 manicus‘
684 4234 906 4319 procul
956 4253 1038 4299 ex
1083 4231 1323 4318 oppido
1369 4231 1710 4315 amovisse,
1752 4232 1905 4299 dein
1936 4250 2089 4298 vero
2129 4247 2465 4297 revocasse
2511 4246 2645 4294 cre-

354 4333 602 4402 dendus
644 4335 798 4402 est?
840 4333 996 4418 quid
1016 4334 1050 4398 ⁸?
1114 4353 1266 4401 num
1318 4351 1526 4400 novae
1578 4332 1950 4399 rebellionis
1993 4331 2222 4397 timore
2264 4331 2640 4416 perterritus

356 4436 478 4505 iste
532 4435 601 4502 in
656 4443 906 4519 tempus
968 4453 1232 4501 uxorem
1304 4433 1684 4518 ablegavit?
1758 4439 2042 4500 attamen
2110 4429 2348 4498 filiolus
2422 4431 2641 4501 statim
