3037 4913
1426 236 1498 288 38

303 401 466 467 verti
512 403 750 470 frustra
791 394 1182 487 speraverat’
1238 441 1321 452 --
1375 425 1410 470 e
1464 407 1702 473 talibus
1751 406 1966 474 verbis
2016 407 2227 474 Taciti
2274 418 2597 478 auctorem

307 475 621 587 audimus,
682 504 923 589 quippe
987 504 1117 588 qui,
1185 498 1349 588 quae
1395 507 1653 591 vigente
1720 508 1984 574 Tiberio
2029 509 2204 574 nullo
2245 510 2597 577 mentiendi

305 602 494 669 modo
538 601 831 670 adhibito
893 601 1164 672 conficta
1217 614 1429 691 erant,
1486 616 1631 692 post
1687 608 2053 681 defunctum
2103 608 2435 718 Tiberium
2477 612 2597 680 sub

307 703 575 770 Claudio
619 704 913 790 principe
959 707 1323 773 correxerit.

507 809 566 871 2.
653 804 813 885 Quis
873 813 1093 873 auctor
1150 809 1359 891 fuerit,
1410 808 1880 891 quaerentibus
1942 810 2129 876 nobis
2187 812 2598 895 paucissimis

304 905 406 989 iis,
457 927 622 990 quae
665 906 855 972 modo
895 908 1138 992 scripta
1181 918 1345 992 sunt,
1389 911 1676 995 exceptis
1720 910 1801 977 de
1843 911 2105 995 Seneca,
2151 911 2426 978 Servilio
2470 914 2601 979 No-

307 1007 521 1090 nian0,
567 1008 825 1074 Aufidio
876 1009 1082 1074 Basso
1141 1046 1221 1054 -
1280 1028 1429 1075 nam
1485 1009 1566 1075 de
1609 1010 1884 1077 Claudio
1927 962 2267 1078 histo'rico
2280 1021 2350 1081 ut
2391 1014 2599 1084 immi-

304 1114 496 1174 nutae
543 1109 775 1174 mentis
812 1109 950 1175 viro
1007 1109 1244 1190 (annal.
1287 1110 1378 1175 VI
1422 1111 1550 1193 46),
1596 1111 1652 1175 si
1699 1111 1913 1177 Taciti
1956 1112 2164 1179 fontes
2210 1114 2601 1198 aperiuntur,

306 1210 588 1294 cogitare
631 1231 759 1276 non
804 1210 956 1275 licet
1013 1246 1094 1254 ——-
1146 1208 1311 1275 nihil
1354 1210 1511 1275 certi
1560 1210 1864 1276 traditum
1913 1231 2051 1277 esse
2094 1211 2602 1281 obliviscendum

304 1329 431 1375 non
477 1317 589 1376 est.
643 1317 925 1379 attamen
978 1310 1035 1375 si
1094 1310 1238 1393 quis
1298 1311 1576 1377 auctoris
1620 1331 1850 1378 nomen
1893 1331 2277 1396 cognoscere
2324 1313 2600 1398 flagran-

302 1410 549 1476 tissime
595 1411 928 1496 cupiverit,
982 1410 1216 1476 habeto
1274 1389 1601 1477 Aufidium
1645 1412 1934 1495 Bassum,
2004 1433 2317 1480 summum
2360 1422 2600 1501 tempo-

302 1531 444 1576 rum
493 1512 749 1577 illorum
795 1512 1189 1595 scriptorem,
1243 1532 1432 1594 quem
1482 1512 1653 1580 bella
1699 1511 2085 1579 Germanica
2134 1533 2261 1578 non
2313 1515 2601 1584 seiuncto

305 1611 386 1677 ab
431 1613 772 1679 annalibus
835 1632 1027 1698 opere
1084 1611 1450 1691 tradidisse,
1509 1611 1629 1679 sed
1686 1612 1790 1678 hic
1852 1613 1989 1679 illic
2043 1613 2384 1681 annalibus
2439 1616 2602 1701 ipsis

305 1711 655 1778 inseruisse
698 1712 1098 1778 Mommsenii
1146 1713 1508 1796 exemplum
1553 1719 1808 1779 secutus
1853 1712 2149 1796 equidem
2190 1722 2412 1781 contra
2440 1717 2600 1801 Nip-

305 1813 531 1898 perdei
593 1813 977 1880 sententiam
1055 1813 1124 1876 in
1199 1812 1424 1877 Rhein.
1488 1812 1649 1878 Mus.
1721 1814 1911 1880 XVII
1979 1836 2037 1898 p.
2099 1819 2220 1879 438
2285 1817 2602 1901 prolatam

305 1914 586 1981 maxime
630 1914 896 1981 affirmo.

510 2019 561 2079 3.
648 2014 941 2096 Denique
965 2013 1398 2097 incorruptam
1429 2013 1623 2080 fidem
1652 2014 1917 2081 Tacitus
1947 2016 2343 2100 praestiterit
2371 2037 2599 2096 annon,

311 2114 857 2200 perscrutantibus
909 2113 1094 2180 nobis
1138 2113 1399 2179 dubium
1445 2134 1571 2179 non
1618 2114 1757 2198 erit,
1806 2114 1962 2198 quin
2005 2114 2156 2180 talis
2200 2116 2300 2182 vir
2344 2137 2447 2182 res
2478 2117 2602 2182 sibi

311 2214 584 2282 traditas
628 2215 769 2300 ipse
814 2216 1098 2299 integras
1143 2214 1411 2280 reddere
1450 2215 1739 2280 voluerit.
1780 2215 1837 2281 si
1882 2234 2044 2297 quae
2098 2215 2178 2282 de
2224 2216 2604 2285 dominanti-

309 2316 411 2382 bis
476 2337 516 2382 a
560 2316 788 2383 Tacito
853 2325 915 2382 et
978 2317 1187 2382 Dione
1255 2315 1430 2382 dicta
1476 2322 1640 2394 sunt,
1708 2316 2081 2400 singulatim
2128 2316 2603 2401 perlustremuS‚

310 2423 561 2484 constat
614 2436 1007 2484 communem
1070 2422 1391 2482 auctorem
1456 2415 1705 2482 Tiberii
1760 2416 2196 2483 tristissimam
2255 2416 2604 2501 imaginem

310 2519 726 2604 expressisse,
782 2519 963 2585 miris
1032 2517 1328 2583 laudibus
1390 2517 1801 2601 praedicasse
1855 2516 2321 2600 Germanicum,
2372 2516 2606 2582 deinde

310 2619 461 2684 Tac.
531 2640 583 2685 c.
655 2624 730 2682 14
802 2640 945 2685 cum
997 2618 1267 2685 Dioneis
1339 2617 1518 2684 LVII
1578 2641 1627 2684 c.
1692 2621 1754 2682 3:
1826 2617 1932 2682 καὶ
1995 2612 2112 2702 γὰρ
2186 2609 2356 2680 πάνυ
2436 2607 2606 2704 αὐτῇ

311 2709 587 2804 ἤχθετο,
635 2721 692 2787 si
736 2720 1097 2798 contuleris,
1145 2740 1272 2784 non
1319 2718 1665 2798 dubitabis,
1704 2719 1862 2802 quin
1901 2726 2118 2785 auctor
2167 2717 2498 2783 Tiberium
2539 2718 2607 2785 in

307 2819 564 2887 Liviam
623 2829 889 2891 matrem
960 2841 1273 2887 summum
1354 2820 1573 2886 odium
1650 2821 1930 2903 gessisse
1987 2819 2334 2905 scripserit.
2400 2840 2605 2902 neque

313 2921 768 2989 Germanicum
806 2930 871 2988 et
910 2922 1339 3007 Agrippinam
1365 2920 1629 2986 Tiberio
1675 2928 2004 3006 suspectos
2047 2940 2176 2986 non
2205 2921 2405 2987 fuisse
2434 2920 2608 3006 apud

317 3032 639 3092 auctorem
693 3026 965 3109 videbis,
1015 3027 1072 3092 si
1117 3026 1372 3095 Dionea
1411 3046 1459 3091 c.
1508 3030 1574 3089 6:
1624 3017 1946 3088 &nemina
2002 3022 2119 3106 μὲν
2170 3022 2275 3087 καὶ
2339 3021 2605 3107 ἐκεῖνον,

311 3121 633 3192 ὖπετόπει
684 3126 755 3192 δὲ
799 3127 901 3193 καὶ
947 3123 1061 3215 τὴν
1103 3131 1368 3211 γυναῖκα
1409 3117 1609 3190 orfito?
1640 3127 2112 3211 comparaveris
2137 3146 2280 3193 oum
2309 3114 2412 3209 iis,
2442 3146 2605 3212 quae

319 3228 586 3294 Tacitus
646 3250 696 3293 c.
748 3232 824 3290 52
869 3235 931 3293 et
979 3232 1054 3292 69
1117 3227 1461 3292 memoriae
1505 3226 1748 3311 prodit.
1814 3227 2043 3311 quibus
2107 3245 2493 3310 quamquam
2538 3227 2604 3303 ii,

318 3328 429 3412 qui
478 3329 773 3395 Tacitum
816 3328 1149 3394 mentitum
1193 3346 1336 3393 esse
1376 3327 1688 3410 dixerint,
1757 3328 2013 3393 omnino
2057 3326 2450 3409 refelluntur,
2511 3333 2606 3392 ta-

316 3450 461 3495 men
505 3429 639 3511 alii,
696 3437 766 3494 ut
822 3449 1132 3494 summam
1178 3428 1488 3495 historiae
1535 3428 1978 3495 auctoritatem
2022 3427 2293 3494 eundem
2334 3428 2603 3512 praesti-

309 3530 469 3596 tisse
514 3530 938 3612 ostenderent,
982 3529 1189 3615 ipsius
1231 3529 1447 3596 verbis
1491 3549 1791 3615 perverse
1833 3528 1935 3594 usi
1975 3537 2124 3596 sunt
2166 3530 2346 3597 hisce
2389 3532 2423 3597 I
2451 3551 2502 3597 c.
2536 3535 2604 3597 2:

516 3631 783 3722 ‘Tiberii
853 3631 1101 3713 Gaique
1171 3638 1235 3697 et
1303 3630 1561 3696 Claudii
1616 3650 1693 3696 ac
1745 3630 2022 3697 Neronis
2087 3651 2188 3696 res
2235 3629 2608 3698 florentibus

316 3730 479 3815 ipsis
523 3731 605 3797 ob
642 3740 879 3798 metum
926 3733 1159 3815 falsae,
1222 3738 1559 3817 postquam
1600 3730 1984 3810 occiderant,
2032 3731 2393 3798 recentibus
2434 3730 2606 3820 odiis

316 3831 708 3917 compositae
752 3840 914 3898 sunt.
987 3833 1138 3899 inde
1192 3832 1527 3899 consilium
1584 3831 1744 3896 mihi
1809 3851 2017 3917 pauca
2079 3832 2160 3899 de
2207 3832 2498 3916 Augusto
2544 3840 2609 3897 et

314 3939 600 3998 extrema
642 3932 910 4012 tradere,
957 3953 1107 4000 mox
1149 3930 1400 3998 Tiberii
1441 3931 1874 4017 principatum
1919 3940 1983 3998 et
2022 3941 2236 4000 cetera
2305 3933 2442 3999 sine
2505 3933 2608 3998 ira

312 4039 370 4097 et
409 4033 636 4118 studia,
679 4053 946 4117 quorum
988 4053 1217 4101 causas
1261 4032 1485 4118 procul
1530 4024 1771 4099 habeo'.

515 4134 816 4201 Dixerint
867 4135 1140 4202 fortasse
1183 4134 1474 4200 nonnulli
1521 4134 1834 4216 Tacitum,
1887 4135 2108 4218 quales
2165 4153 2374 4202 rerum
2416 4133 2607 4200 Tibe-

314 4237 639 4303 rianarum
684 4242 974 4305 auctores
1019 4236 1311 4320 fuissent,
1377 4235 1634 4321 penitus
1688 4236 2167 4321 introspexisse.
2234 4235 2464 4318 quibus
2510 4235 2606 4300 in-

316 4337 654 4421 trospectis
685 4337 742 4405 si
774 4358 850 4406 eo
882 4344 1140 4403 auctore
1176 4336 1483 4420 adhibito,
1531 4336 1642 4419 qui
1671 4342 1817 4420 post
1853 4335 2219 4403 defunctum
2251 4336 2608 4422 principem

319 4437 567 4503 Tiberii
610 4446 899 4524 tempora
953 4437 1298 4506 memoriae
1349 4438 1752 4522 mandasset,
1808 4436 1974 4505 falsa
2020 4457 2135 4522 pro
2187 4437 2359 4505 veris
2408 4435 2607 4505 tradi-
