3037 4913
1494 224 1562 281 m

375 399 502 468 nisi
547 405 722 465 certa
766 408 1094 466 auctorum
1143 398 1401 464 nomina
1446 404 1703 483 praesto
1747 397 1895 480 sint,
1941 395 2105 462 nihil
2148 395 2282 464 fere
2324 397 2547 483 profici
2584 397 2669 463 ad

374 507 575 566 artem
633 499 1007 566 historicam
1080 499 1292 564 Taciti
1360 498 1617 583 penitus
1696 495 2282 580 introspiciendam.
2353 496 2423 562 id
2497 497 2667 580 quod

376 599 716 667 Octavium
761 599 997 665 Clason
1051 599 1455 685 potissimum
1501 617 1848 680 monemus,
1910 597 2017 680 qui
2065 597 2132 662 in
2175 597 2339 663 libro
2383 597 2666 681 ⁸Tacitus

377 701 509 767 und
553 697 813 767 Sueton'
853 699 1163 783 inscripto
1202 721 1261 785 p.
1307 700 1375 761 61
1436 718 1571 781 sqq.
1612 697 1691 762 de
1737 698 1819 762 iis
1863 697 2142 763 maxime
2182 696 2360 781 locis,
2391 696 2502 762 ubi
2549 697 2666 763 sub

375 801 636 868 incertis
682 801 1049 867 auctoribus
1091 801 1412 866 contraria
1441 819 1481 864 a
1511 799 1740 865 Tacito
1769 799 2123 883 traduntur,
2165 799 2443 882 plurima
2470 798 2668 864 verba

373 901 723 985 eademque
767 922 937 967 vana
983 901 1152 966 fecit.
1201 920 1318 966 nos
1364 921 1513 967 vero
1543 900 1748 965 Dione
1800 899 1995 965 allato
2016 899 2311 964 Tacitum
2344 902 2664 964 c.16—-52

370 1022 453 1068 ex
510 1010 765 1068 auctore
820 1001 1036 1084 aliquo
1093 1002 1445 1086 sumpsisse
1498 1008 1878 1085 sumptaque
1942 1008 2322 1065 retractasse
2381 999 2664 1067 dilucide

374 1102 784 1194 ostendimus.

351 1276 359 1284 ,
573 1202 704 1268 Sed
762 1224 855 1281 ea,
917 1223 1081 1286 quae
1128 1203 1424 1268 absoluta
1480 1201 1795 1268 seditione
1842 1201 2226 1268 Germanica
2277 1201 2357 1266 ab
2398 1207 2668 1284 utroque

372 1303 746 1382 referuntur,
795 1303 956 1369 adeo
1003 1304 1169 1369 inter
1216 1323 1285 1368 se
1332 1301 1721 1387 discrepant,
1770 1322 1933 1384 quae
1979 1323 2011 1366 e
2064 1301 2338 1367 diversis
2385 1300 2667 1367 fontibus

369 1403 635 1471 fluxisse
699 1403 1109 1489 intelligatur.
1181 1424 1347 1487 quae
1400 1403 1660 1487 quidem
1716 1425 1859 1471 cum
1916 1405 1998 1470 ab
2054 1413 2323 1487 utroque
2375 1402 2567 1470 simul
2627 1423 2662 1467 e

369 1524 534 1570 novo
579 1506 755 1571 fonte
797 1506 999 1590 petita
1046 1524 1189 1572 esse
1232 1505 1496 1571 minime
1542 1525 1824 1580 censeas,
1872 1505 2306 1588 quaerendum
2350 1510 2466 1588 est,
2524 1509 2664 1569 uter.

370 1626 405 1670 e
450 1606 800 1672 communis
859 1607 1138 1672 auctoris
1192 1606 1489 1691 vestigiis
1535 1605 1902 1688 decesserit,
1957 1613 2098 1671 uter
2143 1624 2402 1691 prorsus
2447 1624 2526 1669 ea
2568 1624 2664 1671 se-

370 1714 552 1773 cutus
594 1707 695 1772 sit.
741 1706 1146 1773 conferantur
1188 1708 1355 1773 inter
1395 1728 1464 1774 se
1507 1706 1699 1773 haec:

453 1827 503 1872 c.
550 1810 588 1870 6
651 1806 768 1872 sub
832 1806 1051 1874 finem:
1113 1805 1179 1885 ἐς
1239 1807 1460 1890 μέντοι
1651 1810 1698 1893 Ι,
1744 1814 1823 1872 78
1872 1859 1885 1873 .
1940 1862 1950 1872 .
1997 1861 2009 1872 .
2057 1861 2068 1873 .
2114 1807 2320 1873 edixit
2365 1805 2665 1871 Tiberius

364 1900 442 1969 τὸ
511 1901 742 1970 ἔπειτα
799 1898 878 1971 οὗ
936 1903 1264 1990 πρότερον
1310 1904 1465 1987 τούς
1568 1964 1579 1975 .
1622 1962 1636 1976 .
1693 1960 1706 1973 .
1762 1963 1771 1975 .
1826 1911 2136 1996 imparem
2176 1907 2355 1973 oneri
2386 1927 2519 1971 rem
2547 1926 2661 1992 pur

369 2001 496 2087 ἔξω
560 2009 680 2091 τῆς
731 1999 996 2086 Ἰταλίας
1039 2009 1459 2093 στρατευομέ-
1545 2011 1816 2089 ·blicam‚
1864 2010 1992 2079 nisi
2041 2008 2346 2075 vicesimo
2392 2005 2664 2072 militiae

367 2131 516 2184 νους
568 2098 830 2188 ἀπέλυε,
890 2108 1045 2193 πρὶν
1100 2106 1177 2173 τὰ
1218 2104 1464 2175 εἴκοσιν
1566 2128 1734 2174 anno
1811 2110 2099 2176 veterani
2178 2109 2662 2175 dimitterentur.

368 2204 481 2292 ἔτη
523 2203 1068 2291 στρατεύσασθαι.
1112 2211 1310 2293 (anno
1340 2212 1461 2295 14.)
1566 2208 1658 2273 ita
1702 2208 2033 2294 proximae
2099 2208 2439 2279 seditionis
2496 2207 2663 2271 male

1565 2309 1871 2387 consulta,
1940 2310 2170 2393 quibus
2217 2309 2497 2376 sedecim
2552 2309 2663 2382 sti<

1566 2411 1946 2497 pendiorum
1976 2411 2167 2477 finem
2197 2415 2665 2497 expresserant,

1563 2514 1807 2580 abolita
1837 2514 1904 2578 in
1934 2519 2273 2599 posterum.
2318 2512 2511 2593 (anno
2538 2507 2663 2593 15.)

535 2626 691 2690 Rem
736 2648 776 2690 a
820 2631 1134 2695 communi
1178 2640 1434 2697 auctore
1475 2632 1593 2698 sub
1639 2652 1693 2696 a.
1733 2636 1805 2696 15
1852 2630 2156 2698 traditam
2197 2629 2280 2695 ad
2324 2627 2663 2695 seditionis

370 2723 789 2792 Germanicae
848 2748 903 2792 a.
964 2734 1038 2793 14
1095 2731 1313 2795 finitae
1359 2732 1793 2798 narrationem
1854 2740 2111 2818 propter
2174 2732 2339 2797 hanc
2385 2750 2660 2808 causam,

368 2824 540 2906 quod
596 2832 863 2909 utraque
923 2829 1146 2895 eodem
1190 2831 1588 2916 spectabant,
1646 2853 1687 2897 a
1731 2833 1940 2899 Dione
1982 2832 2302 2898 adnexam
2341 2850 2482 2897 esse
2527 2829 2664 2896 veri

370 2925 644 2991 similius
692 2935 806 3005 est,
854 2950 1042 3011 quam
1081 2937 1150 2996 ut
1194 2932 1462 2998 eandem
1507 2953 1638 2997 rem
1669 2932 1787 2999 sub
1832 2953 1886 2998 a.
1931 2937 2004 2996 14
2031 2939 2443 2998 memoratam
2474 2929 2661 2995 Taci-

368 3031 502 3090 tum
550 3045 668 3091 sua
711 3038 936 3113 sponte
983 3030 1068 3095 ad
1112 3053 1166 3097 a.
1201 3036 1274 3095 15
1322 3033 1643 3099 rettulisse
1699 3053 1813 3118 pro
1861 3040 2033 3098 certo
2080 3032 2442 3098 habeamus.
2491 3050 2660 3114 ergo,

369 3147 511 3192 cum
579 3128 645 3192 in
714 3128 941 3194 ceteris
1011 3131 1303 3197 omnibus
1365 3133 1552 3198 rebus
1604 3154 1659 3196 a.
1713 3136 1787 3195 15
1848 3132 2047 3217 gestis
2103 3153 2143 3197 a
2186 3131 2413 3198 Tacito
2473 3131 2663 3215 longe

370 3225 742 3311 abhorreat,
816 3229 943 3294 Dio
1011 3230 1160 3295 inde
1230 3252 1283 3295 a.
1353 3252 1489 3316 cap.
1539 3234 1569 3293 7
1646 3253 2041 3300 communem
2092 3241 2416 3300 auctorem
2471 3232 2664 3317 plane

373 3331 604 3396 omisit.
656 3331 770 3398 sed
813 3330 1198 3413 quibusnam
1239 3333 1427 3398 rebus
1473 3341 1820 3401 commotus
1865 3341 2186 3400 auctorem
2235 3333 2451 3399 omnia
2490 3332 2665 3399 haud
2759 3405 2764 3412 ,

370 3432 561 3498 dubie
632 3438 695 3498 et
753 3439 1049 3498 accurate
1101 3440 1164 3499 et
1217 3432 1475 3517 copiose
1536 3442 1935 3502 enarrantem
1991 3434 2323 3519 neglexit?
2388 3433 2548 3502 haec
2605 3433 2663 3501 si

366 3531 756 3616 quaerimus,
804 3533 935 3597 alia
964 3553 1159 3598 causa
1189 3554 1316 3600 non
1346 3534 1670 3618 probatur,
1706 3535 1833 3601 nisi
1858 3555 1951 3613 ea,
1995 3534 2185 3619 quod,
2217 3555 2381 3618 quae
2427 3533 2661 3601 deinde

370 3633 450 3700 ab
496 3633 609 3699 illo
672 3632 912 3700 tradita
955 3640 1154 3718 erant,
1204 3636 1483 3701 maxime
1531 3635 1957 3702 abhorrebant
2000 3636 2081 3702 ab
2126 3636 2209 3701 iis
2255 3635 2459 3719 rebuS,
2503 3655 2662 3720 quas

365 3733 712 3800 tradendas
741 3733 868 3799 Dio
917 3733 1045 3799 sibi
1077 3736 1426 3821 proposuit.
1469 3736 1772 3819 quoniam
1802 3736 2000 3821 igitur
2034 3735 2113 3802 de
2151 3736 2445 3804 omnibus
2473 3737 2661 3803 bellis

371 3833 489 3900 sub
534 3834 917 3919 imperatore
962 3834 1225 3901 Tiberio
1269 3837 1469 3919 gestis
1513 3836 1620 3901 hic
1665 3836 1826 3901 nihil
1873 3837 2006 3901 fere
2049 3837 2349 3922 explicat,
2395 3837 2661 3902 Tacitus

367 3954 519 4000 vero
578 3933 728 4001 inde
793 3955 848 3999 a.
895 3956 1031 4020 cap.
1079 3941 1156 3999 54
1217 3937 1661 4021 expeditiones
1721 3935 2087 4003 Germanici
2143 3937 2337 4003 latius
2381 3937 2661 4023 exponit,

367 4033 540 4101 haud
592 4035 854 4101 multum
901 4035 1284 4115 aberremus,
1342 4037 1399 4103 si
1443 4044 1798 4122 propterea,
1849 4037 2032 4121 quod·
2063 4038 2233 4104 bella
2280 4036 2663 4104 Germanica

365 4134 446 4200 ab
496 4142 753 4206 auctore
799 4136 1114 4201 communi
1159 4137 1403 4222 scripta
1447 4145 1648 4221 erant,
1692 4139 1969 4203 Dionem
2013 4139 2202 4221 longe
2249 4138 2411 4203 alios
2452 4137 2659 4202 fontes

364 4234 607 4301 adiisse
649 4242 1020 4302 statuamus.
1989 4247 2002 4258 ·
