3037 4913
1527 269 1560 323 5

400 422 586 515 ἷίχλο
604 459 660 515 υ,
705 427 818 513 οὓς
848 432 885 501 ὁ
914 426 1305 520 Αὔγουστος
1329 434 1496 520 μετὰ
1543 490 1546 493 .
1599 438 1748 505 tudo
1782 457 1983 524 nuper
2015 446 2158 506 acto
2202 440 2271 505 in
2316 441 2469 507 urbe
2526 440 2705 508 dele*

395 529 514 618 τὴν
598 538 716 600 τοῦ
807 528 1065 620 Οὐάρου
1151 533 1496 624 συμφορὰν
1598 545 1704 605 ctu
1751 589 2063 603 ......

396 634 929 720 προσκατέλεξεν,
970 631 1033 701 οῖ
1074 635 1343 715 πλείους
1386 629 1493 703 αὖ·

397 738 529 799 τῶν
571 722 776 821 ἦσαν..

476 832 729 902 τούτων
774 826 908 904 οὖν·
948 841 1060 921 (sc.
1111 842 1269 903 τῶν.
1298 861 1497 923 πρεσ-

396 940 673 1022 βευτῶν)
719 931 1142 1025 οἷφικομένων
1201 935 1260 1003 οἱ
1307 964 1495 1022 στρα-

396 1040 623 1103 τιῶται
673 1033 751 1103 τό
813 1063 882 1105 τε
940 1044 1060 1107 τοῦ
1102 1047 1498 1125 Γερμανικοῦ

1687 841 1793 901 39:
1839 836 2086 902 interea
2112 839 2311 923 legati
2353 840 2435 907 ab
2468 849 2695 907 senatu

1603 986 1861 1001 .....
1923 936 2372 1006 Germanicum
2435 939 2692 1008 adeunt.

1606 1088 1861 1101 .....
1908 1036 2179 1121 pavidos
2208 1043 2272 1103 et
2299 1040 2696 1107 conscientia

395 1133 811 1225 στρατήγημα
906 1135 1238 1223 μαθόντες
1250 1196 1263 1222 ,

395 1235 585 1316 τούς
663 1243 755 1321 βο
776 1238 1113 1320 υλευτὰς
1192 1238 1298 1321 οἷς
1356 1245 1490 1310 καὶ

395 1337 534 1404 ἐπὶ
576 1342 669 1429 τῇ
709 1342 864 1405 τῶν
903 1365 1003 1406 πε
1022 1343 1491 1427 πραγμὲνων

395 1432 686 1504 ὑπἀὕτ
704 1465 739 1505 ο
763 1444 801 1505 ῦ
834 1444 1084 1508 καταλ
1103 1439 1275 1510 ύσει
1302 1469 1408 1510 7ιά
1426 1471 1487 1529 ρ·

393 1532 625 1617 ὄντας
809 1537 1489 1626 ὑποπτεύσαντες

392 1634 805 1726 ἐθορύβησαν
846 1629 1064 1725 αὖθις,
1102 1647 1208 1710 καὶ
1253 1650 1383 1711 τῶν
1418 1671 1488 1712 τε

391 1736 733 1822 πρέσβεων
755 1735 977 1827 ὀλίγου
996 1742 1174 1823 τινας
1191 1739 1487 1835 ἀπέσφα-

395 1839 508 1918 ξαν
552 1889 814 1907 .....

476 1988 736 2007 .....
782 1943 890 2008 καὶ
933 1941 1050 2010 τόν
1093 1935 1254 2025 υἱὸν,
1293 1942 1489 2011 Γάϊον

394 2036 778 2126 Καλιγόλαν,
837 2039 942 2110 ὅτι
988 2046 1019 2111 ἑ
1032 2072 1064 2109 ν
1110 2070 1146 2110 τ
1160 2050 1213 2132 ᾦ
1263 2070 1304 2112 σ
1318 2071 1355 2111 τ
1368 2071 1405 2131 ρ
1418 2071 1486 2112 α-

390 2139 715 2228 τοπέδῳ
756 2144 845 2210 τὸ
886 2146 1280 2211 πλεῖστον
1319 2168 1487 2228 τρα-

390 2264 441 2325 ‹y›
459 2265 490 2305 ε
510 2241 611 2320 ig,
743 2247 881 2321 τοῖς
997 2249 1488 2324 στρατιωτικοῖς

389 2336 801 2429 ὑποδήμασιν
842 2335 984 2409 ἀντὶ
1025 2345 1159 2407 τῶν
1206 2340 1487 2409 ἀστικῶν

389 2439 645 2527 ἐχρῆτο,
687 2439 1202 2528 προσωνόμαζον
1228 2499 1481 2514 ......

656 2694 668 2707 .
729 2646 835 2710 καὶ
901 2645 968 2723 ἐς
1032 2642 1350 2734 τοσαύτην
1413 2671 1481 2730 γε

385 2745 853 2831 μεταβολήν
905 2734 1117 2834 ἦλθον
1161 2743 1329 2814 ὥστε
1378 2750 1486 2814 καὶ

386 2836 580 2910 αὕτοί
647 2843 835 2924 τούς
904 2844 1484 2930 θρασυτάτους

387 2967 490 3032 σφ
503 2948 560 3010 ὦ
571 2970 605 3009 ν
627 2939 1118 3015 αὐτοκέλευστοι
1139 2950 1483 3032 συλλαβεῖν

385 3046 492 3109 καὶ
547 3045 700 3124 τούς
739 3045 859 3130 μὲν
903 3046 1038 3139 ἰδίᾳ
1080 3049 1479 3131 ἀποκτεῖναι,

384 3145 537 3226 τούς
590 3149 662 3215 δὲ
706 3151 810 3216 καὶ
866 3150 932 3228 ἐς
978 3147 1055 3214 τὸ
1095 3150 1297 3234 μέσον
1336 3143 1482 3238 ἄγα·

383 3243 605 3332 γόντες
671 3246 902 3316 ἔπειτα
969 3247 1139 3336 πρὸς
1208 3248 1284 3317 τὸ
1351 3257 1483 3317 τῶν

385 3343 713 3414 πλειόνων
781 3346 1084 3437 βούλημα
1135 3348 1299 3430 τοὺς
1365 3353 1483 3436 μὲν

382 3439 769 3536 ἀποσφάξαι
828 3448 982 3529 τούς
1013 3453 1087 3523 4δ’
1136 3445 1479 3521 ἀπολῦσαι.

1370 1145 1526 1209 καὶ-
1602 1136 1907 1204 vecordes
1954 1138 2154 1203 intrat
2192 1144 2405 1217 mus,
2458 1139 2696 1206 venisse

1580 1243 1846 1318 patrum
1867 1239 2042 1302 iussu
2065 1240 2172 1319 qui
2200 1239 2391 1303 irrita
2412 1239 2694 1320 facerent

1592 1358 1748 1420 quae
1785 1359 1911 1419 per
1963 1339 2325 1404 seditionem
2380 1360 2693 1422 expresse-

1591 1446 1742 1504 rant
1744 1489 1997 1503 .....
2045 1458 2193 1506 mox
2223 1440 2374 1523 vagi
2404 1461 2519 1526 per
2547 1442 2689 1508 vias

1591 1540 1815 1605 obvios
1890 1540 2169 1607 habuere
2246 1543 2495 1628 legatos
2558 1595 2569 1607 .
2617 1595 2628 1607 .
2678 1596 2688 1606 .

1592 1642 1892 1727 ingerunt
1944 1642 2380 1726 contumeliae,
2427 1641 2691 1709 caedem

1590 1748 1822 1826 parant
1866 1791 2183 1808 ......

1673 1945 1787 2005 41:
1833 1943 1961 2007 iam
2032 1944 2244 2009 infans
2320 1943 2386 2008 in
2459 1945 2686 2011 castris

1588 2041 1861 2124 genitus,
1881 2045 1951 2108 in
1967 2045 2363 2110 contubernio
2376 2044 2690 2128 leqionum

1589 2143 1860 2220 eductus,
1882 2164 2069 2227 quem
2090 2144 2358 2210 militari
2376 2145 2687 2211 vocabulo

1591 2240 1952 2326 Caligulam
2027 2244 2459 2329 appellabant,
2533 2246 2687 2329 quia

1550 2393 1555 2397 .
1588 2342 1961 2426 plerumque
1983 2343 2068 2408 ad
2084 2344 2491 2411 concilianda
2508 2347 2686 2431 vulgi

1586 2441 1805 2509 studia
1849 2463 1926 2509 eo
1983 2444 2262 2528 tegmine
2310 2445 2543 2532 pedum
2589 2447 2684 2513 in-

1586 2543 1915 2610 duebatur.
2048 2603 2053 2607 .

1671 2650 1777 2709 44:
1829 2645 2191 2713 discurrunt
2275 2650 2532 2732 mutati,
2621 2657 2684 2714 et

1582 2747 2121 2813 seditiosissimum
2132 2748 2682 2831 qumquevinotos

1583 2845 1844 2911 trahunt
1907 2846 1993 2911 ad
2057 2848 2339 2931 legatum
2405 2847 2682 2932 legionis

1583 2944 1829 3030 primae
1912 2946 1981 3011 O.
2057 2946 2485 3030 Caetronium,
2571 2948 2682 3031 qui

1585 3044 1895 3111 iudicium
1938 3053 2003 3111 et
2050 3065 2293 3131 poenas
2338 3046 2420 3111 de
2464 3047 2680 3132 singu-

1585 3145 1668 3212 lis
1732 3146 1802 3210 in
1864 3146 2032 3212 hunc
2077 3147 2341 3214 modum.
2378 3151 2679 3216 exercuit.

1586 3247 1842 3312 stabant
1885 3268 2001 3334 pro
2045 3251 2341 3340 contione
2391 3250 2679 3336 legiones

1584 3348 1907 3415 destrictis
1922 3349 2190 3436 gladiis3
2207 3372 2353 3418 reus
2367 3353 2436 3417 in
2450 3372 2677 3438 sugge-

1582 3456 1683 3514 stu
1704 3470 1818 3534 per
1842 3450 2165 3517 tribunum
2195 3451 2676 3519 ostendebatur:

1581 3550 1638 3615 si
1725 3559 2056 3616 nocentem
2142 3551 2678 3638 adclamaverant,

1479 3680 1494 3693 ⁴
1580 3668 1889 3734 praeceps
1938 3649 2127 3716 datus
2174 3652 2627 3721 trucidabatur.

467 3741 629 3814 ἄλλα
683 3750 788 3815 καὶ
850 3750 1241 3831 ἐπαίνους
1289 3753 1355 3818 ἐν
1401 3758 1480 3843 τῇ

380 3850 584 3938 βουλῇ
642 3853 759 3915 τοῦ
821 3857 1227 3936 Γερμανικοῦ
1293 3858 1478 3921 πολ-

382 3946 564 4029 λοὺς
611 3946 1060 4035 ἐποιήσατο
1110 4008 1120 4019 .
1170 4007 1182 4020 .
1234 4005 1245 4016 .

466 4054 641 4128 τοῖς
747 4074 827 4115 τε
938 4052 1478 4136 στρατιώταις

380 4154 564 4229 τοῖς
628 4150 711 4217 ἐν
768 4155 864 4243 τῇ
916 4157 1340 4246 Παννονίᾳ
1384 4159 1478 4223 τὰ

379 4242 588 4315 αὐτὰ
655 4257 841 4332 τοῖς
927 4249 1057 4319 ὑπ’
1147 4255 1473 4323 ἐκείνου

380 4351 776 4418 δοθεῖσιν
823 4350 1335 4443 ἐδωρήσατο.

1666 3754 1775 3850 52ε
1820 3751 2066 3817 rettulit
2108 3759 2320 3818 tamen
2363 3753 2448 3818 ad
2491 3775 2673 3821 sena-

1579 3859 1710 3916 tum
1754 3851 1837 3916 de
1881 3852 2070 3918 rebus
2121 3854 2323 3939 gestis
2365 3855 2679 3938 multaque

1582 3952 1657 4016 de
1697 3953 1924 4018 virtute
1976 3955 2110 4018 eius
2152 3955 2741 4021 memoravit....'

1663 4060 2015 4137 cunctaque,
2063 4075 2218 4137 quae
2262 4055 2675 4122 &emaum-s

1578 4154 1946 4233 indulserat,
1981 4156 2252 4220 servavit
2281 4156 2467 4220 etiam
2500 4155 2675 4236 apud

1576 4252 1976 4321 Pannonicos
2017 4256 2337 4320 exercitus.

580 4453 698 4520 His
743 4454 910 4521 inter
951 4477 1018 4522 se
1064 4458 1316 4525 collatis
1356 4461 1585 4538 elucet,
1635 4478 1798 4544 quae
1843 4482 1884 4526 a
1916 4461 2146 4528 Tacito
2188 4463 2389 4531 latine
2432 4464 2674 4549 scripta
