3037 4913
1488 256 1556 306 121

740 428 814 491 In
857 426 1086 493 castris
1131 432 1338 510 natue,
1383 426 1632 510 patriis.
1659 426 1934 493 nutritus
1973 426 2042 491 in
2083 427 2281 492 armis
2340 487 2346 493 .

869 528 1007 592 Iam
1052 527 1378 610 designati
1421 526 1736 611 principis
1782 547 1965 593 omen
2010 536 2164 593 erat„

370 643 531 706 quos
578 624 935 709 imperante
982 625 1147 691 Graio
1199 626 1280 691 ab
1333 626 1574 691 incerto
1620 634 1876 691 auctore
1917 627 2280 710 divulgatos
2325 648 2468 694 esse
2509 629 2665 694 Sne

370 724 581 791 tonius
625 725 692 789 in
736 725 875 791 vita
899 724 1104 808 Calig.
1149 747 1200 789 c.
1228 730 1266 788 8
1310 732 1595 792 testatur.
1640 726 1757 791 sed
1801 747 1943 792 cum
1988 727 2056 792 id
2079 736 2336 811 ageret,
2373 735 2444 794 ut
2472 728 2662 794 'Paci’

371 831 504 891 tmn
548 825 617 891 in
659 825 841 892 libris
887 825 1347 909 componendis
1390 825 1731 910 primarios
1779 827 1985 894 fontes
2027 827 2271 894 adiisse
2305 828 2492 894 nobis
2522 849 2663 913 per.-

368 925 765 1007 suaderet1),
844 926 1220 1011 Nipperdey
1282 927 1471 1010 vulgi*
1522 925 1823 1011 opinione
1895 948 2041 993 eum
2113 927 2455 1012 deceptum
2522 949 2665 995 esse

374 1027 611 1093 frustra
675 1028 1023 1092 excusavit.
1089 1027 1307 1112 prodit
1368 1026 1438 1092 L.
1504 1028 1807 1092 Annaeus
1864 1027 2110 1093 Seneca
2165 1029 2230 1094 in
2278 1029 2535 1112 dialogo
2581 1028 2662 1095 de

374 1127 738 1193 constantia
778 1128 1097 1212 sapientis
1140 1128 1315 1193 circa
1355 1148 1412 1192 a.
1454 1132 1533 1190 60
1578 1128 1816 1212 scripto
1862 1150 1911 1192 c.
1960 1133 2054 1210 18,
2099 1135 2162 1193 4:

540 1230 643 1320 tAt
686 1228 857 1295 idem
887 1228 1090 1295 Graius
1134 1228 1353 1295 omnia
1396 1228 1816 1295 contumelias
1858 1236 2108 1313 putans,
2154 1237 2224 1295 ut
2265 1239 2415 1296 sunt
2458 1230 2664 1295 feren-

364 1328 597 1395 darum
661 1329 1068 1412 impatientes
1136 1329 1576 1395 faciendarum
1636 1330 2056 1414 cupidissimi,
2122 1331 2325 1396 iratus
2369 1328 2494 1395 fuit
2535 1328 2659 1393 He-

370 1429 594 1495 rennio
619 1428 853 1512 Macro,
905 1430 1074 1511 quod
1113 1430 1293 1494 illum
1317 1428 1551 1495 Gaium
1580 1431 1988 1514 salutaverat,
2015 1451 2151 1503 ,nec
2182 1430 2443 1514 impune
2472 1429 2664 1495 cessit

374 1530 786 1614 primipilari,
829 1529 999 1611 quod
1033 1530 1393 1612 Caligulam
1431 1529 1702 1613 dixerat,
1747 1532 1867 1596 hoc
1891 1532 2064 1597 enim
2108 1532 2175 1596 in
2217 1532 2449 1597 castris
2477 1537 2664 1596 natus

372 1637 434 1694 et
479 1631 770 1695 alumnus
829 1630 1153 1714 legionum
1217 1631 1435 1695 vocari
1491 1631 1756 1714 solebat,
1818 1634 1991 1697 nullo
2050 1633 2307 1697 nomine
2349 1631 2660 1698 militibus

371 1729 650 1800 familior
695 1751 972 1812 unquam
1017 1723 1262 1797 factus'.

539 1832 716 1897 Haec
759 1833 869 1914 qui
918 1833 1209 1914 legerint,
1251 1853 1376 1897 non
1404 1834 1807 1917 dubitabunt,
1848 1834 2003 1916 quin
2046 1835 2320 1916 scriptor
2363 1834 2506 1916 ipse
2533 1830 2661 1897 Ga-

368 1935 499 1999 ium
540 1935 607 1997 in
652 1933 880 1999 castris
925 1940 1145 1998 natum
1191 1933 1390 1998 fuisse
1434 1956 1550 2017 pro
1590 1954 1740 2000 vero
1787 1934 2098 2001 habuerit.
2144 1934 2274 1998 iam
2317 1952 2468 2001 vero
2514 1950 2659 1997 con-

368 2041 498 2101 stat
526 2033 835 2099 Senecam
866 2032 1091 2099 eodem
1126 2039 1427 2117 tempore,
1476 2054 1601 2116 quo
1637 2034 1838 2100 Gaius
1881 2042 2069 2100 natus
2113 2042 2226 2116 est,
2271 2035 2422 2098 iam.
2445 2032 2660 2099 adole·

369 2135 564 2211 visse,
607 2140 836 2218 postea
884 2132 1099 2198 domui
1149 2132 1515 2199 Germanici
1580 2134 1890 2201 familiari
1944 2134 2421 2200 necessitudine
2466 2133 2662 2199 adne-

370 2256 520 2302 xum
562 2235 781 2301 fuisse.
827 2255 1012 2317 quem
1057 2236 1265 2300 virum
1299 2235 1803 2302 eruditissimum
1847 2235 1926 2301 de
1952 2235 2078 2300 Gai
2122 2235 2414 2318 aequalis
2457 2233 2660 2299 natali

369 2339 510 2404 loco
555 2337 622 2402 in
651 2343 896 2401 tantum
940 2354 1191 2401 errasse
1234 2354 1452 2403 omnes
1482 2336 1705 2402 doctos
1744 2337 1918 2401 viros
1958 2356 2305 2418 monemus,
2352 2335 2462 2417 qui
2488 2341 2659 2400 vete·

368 2459 473 2506 res
515 2437 857 2522 scriptores
897 2434 1023 2501 fide
1048 2435 1463 2519 dignissimos
1506 2456 1650 2502 esse
1687 2455 1879 2518 quam
1912 2436 2221 2503 acerrime
2255 2434 2659 2503 contendant.

371 2560 489 2606 nec
533 2540 738 2604 solum
782 2537 1030 2602 Seneca
1087 2537 1343 2618 erravit,
1412 2537 1529 2603 sed
1590 2537 1786 2603 etiam
1832 2535 1897 2600 O.
1943 2537 2195 2603 Plinius
2240 2537 2660 2622 inscriptione

370 2660 541 2722 arae,
601 2657 764 2721 quae
810 2637 878 2701 in
917 2636 1058 2701 vico
1102 2637 1505 2702 Ambitarvio
1551 2655 1747 2721 supra
1794 2635 2199 2704 Confluentes
2248 2637 2318 2702 in
2360 2637 2658 2702 Treveris

370 2738 685 2821 exstabat,
734 2738 1037 2821 deceptus
1082 2745 1180 2802 est
1223 2737 1421 2816 (Suet.
1455 2737 1661 2821 Calig.
1697 2739 1778 2820 8).
1826 2757 1990 2819 quae
2034 2759 2176 2804 cum
2219 2739 2316 2804 ita
2358 2738 2503 2817 sint,
2551 2757 2659 2804 ne-

368 2860 495 2924 que
540 2859 689 2906 arae
753 2838 1172 2922 inscriptione
1234 2838 1484 2904 Plinius
1532 2849 1737 2921 neque
1783 2839 2048 2904 Tacitus
2112 2838 2290 2921 vulgi
2356 2838 2658 2923 opinione

369 2961 487 3007 nec
530 2941 647 3006 alii
714 2940 879 3006 alias
928 2939 1008 3004 ob
1038 2959 1282 3004 xcausas
1330 2939 1679 3007 excusandi
1727 2946 1892 3021 sunt,
1964 2938 2077 3003 sed
2142 2939 2353 3005 cuncti
2398 2946 2658 3024 propter

370 3042 535 3107 hanc
580 3061 840 3108 causam
884 3062 925 3104 a
967 3040 1153 3104 nobis
1203 3046 1601 3119 accusantur,
1654 3038 1826 3121 quod
1870 3039 1939 3103 in
1979 3039 2458 3105 conscribendis
2502 3039 2659 3106 alio·

370 3162 509 3208 rum
553 3150 904 3225 temporum
949 3140 1237 3208 historiis
1281 3138 1485 3204 nimia
1528 3147 1711 3205 erant
1754 3146 2039 3206 actorum
2085 3141 2351 3206 incuria.

571 3242 805 3308 Gaium
853 3241 1196 3306 Gaesarem
1228 3240 1595 3306 Germanici
1637 3240 1839 3306 filium
1873 3242 2027 3306 Anti
2073 3242 2137 3304 in
2185 3240 2425 3325 oppido
2471 3240 2529 3305 d.
2561 3244 2659 3310 31.

372 3346 535 3427 Aug.
583 3365 638 3408 a.
680 3347 752 3406 12
797 3349 979 3426 patre
1021 3361 1137 3406 suo
1178 3349 1244 3406 et
1286 3340 1353 3405 O.
1385 3340 1655 3408 Fonteio
1702 3341 2014 3425 Capitone
2058 3361 2216 3426 coss.
2261 3347 2483 3407 natum
2519 3361 2661 3408 esse

370 3445 616 3529 primus
665 3443 945 3509 omnium
1009 3441 1351 3507 Suetonius
1417 3442 1483 3506 in
1532 3440 1668 3507 vita
1712 3440 1917 3523 Calig.
1962 3441 2014 3507 c.
2059 3446 2097 3504 8
2144 3462 2226 3507 ex
2268 3442 2430 3508 actis
2482 3442 2655 3508 facili

370 3565 568 3630 opera
612 3543 793 3610 eruit.
837 3550 899 3607 et
945 3561 1144 3636 pr'ope
1189 3541 1495 3607 bimulum
1528 3540 1761 3606 Graium
1806 3548 2050 3607 aestate
2093 3563 2148 3606 a.
2186 3548 2262 3606 14
2305 3542 2387 3608 ab
2426 3542 2657 3626 Agrip-

370 3645 529 3730 pina
554 3642 869 3710 matre-ad
899 3641 1367 3724 Germanicum,
1415 3641 1527 3723 qui
1568 3648 1720 3708 tunc
1748 3640 2000 3707 Galliae
2045 3651 2356 3726 praeerat,
2401 3644 2657 3712 ductum

372 3764 514 3811 esse
543 3764 626 3810 ex
652 3744 927 3825 Augusti
962 3743 1243 3827 epistola
1275 3741 1643 3807 aSuetonio
1674 3749 1927 3808 servata
1958 3744 2377 3825 cognoscitur.
2425 3744 2656 3812 deinde

372 3853 521 3932 post
560 3866 892 3912 excessum
938 3847 1213 3929 Augusti
1274 3853 1573 3930 parentes
1628 3847 1694 3911 in
1739 3856 1951 3915 castra
1995 3848 2317 3932 legionum
2357 3846 2655 3913 tumultu·

372 3947 620 4014 antium
671 3946 1009 4012 comitatus
1055 3953 1168 4012 est.
1239 3945 1464 4012 scribit
1524 3947 1789 4013 Tacitus
1834 3947 2066 4013 Gaium
2113 3949 2182 4014 in
2243 3946 2692 4013 contubernio.

575 4186 627 4253 1)
669 4184 917 4238 Prooem.
980 4182 1050 4235 ad
1103 4181 1232 4236 Tac.
1283 4182 1479 4236 Annal.
1516 4181 1669 4236 XIX:
1727 4183 1854 4236 dass
1909 4182 1999 4236 die
2050 4181 2267 4236 Bfieher
2313 4182 2384 4234 ab
2432 4198 2656 4235 excessu

370 4272 489 4327 divi
526 4271 767 4342 Augusti
804 4270 920 4324 und
956 4270 1048 4324 dic
1082 4270 1373 4325 Historien
1407 4269 1508 4324 auf
1537 4272 1718 4324 einem
1758 4270 2142 4341 groseartigen
2177 4267 2657 4336 Quellenctudium

372 4358 638 4424 bornhem
687 4358 816 4414 dass
858 4345 1004 4412 wird
1045 4357 1232 4426 jedem
1283 4358 1681 4429 verstandigen
1727 4351 1898 4413 Beser
1935 4356 2036 4411 der
2073 4356 2378 4422 Eindruek,
2434 4355 2543 4414 don
2577 4355 2657 4414 aie

375 4449 476 4506 auf
502 4448 599 4503 ihn
633 4446 883 4504 macheu.
931 4464 1054 4500 zum
1090 4446 1432 4501 Bewustsein
1466 4446 1722 4517 bringen.

208 4815 453 4890 A

3011 1668 3021 1730 k
