3037 4913
570 1452 784 1518 Taciti
830 1452 1037 1517 foutes
1085 1451 1412 1518 recludere
1457 1472 1533 1518 eo
1581 1451 1915 1519 difficilius
1960 1458 2075 1536 est,
2148 1451 2319 1536 quod
2360 1453 2664 1535 omnium,

371 1553 482 1637 qui
510 1553 694 1618 inter
737 1545 911 1618 Livii
957 1563 1019 1618 et
1062 1553 1275 1619 Taciti
1324 1558 1616 1638 tempora
1662 1553 1996 1637 aequalem
2043 1553 2416 1619 memoriam
2459 1553 2665 1619 literis

371 1654 774 1737 mandavere,
821 1653 1064 1738 scripta
1110 1653 1586 1731 interciderunt,
1643 1655 2060 1739 plurimorum
2101 1674 2180 1719 ne
2225 1653 2486 1720 nomina
2528 1655 2666 1738 qui-

373 1753 527 1825 de'm
561 1761 798 1820 extant.
860 1753 1089 1838 quodsi
1146 1754 1239 1820 ita
1285 1761 1401 1839 est,
1456 1755 1539 1820 iis
1591 1755 1778 1823 rebus
1815 1776 1981 1839 quae
2027 1754 2199 1841 apud
2242 1761 2505 1836 ceteros,
2556 1757 2665 1839 qui

374 1864 714 1941 supersunt
742 1863 1051 1936 auctores,
1079 1862 1142 1922 et
1163 1856 1460 1922 Tacitum
1477 1855 1709 1923 iisdem
1735 1857 1868 1923 sere
1897 1856 2110 1923 verbis
2141 1856 2420 1941 scriptae
2443 1877 2479 1923 e
2502 1876 2666 1922 com-

374 1957 546 2022 muni
606 1958 778 2023 sonte
827 1957 1091 2025 fluxisse
1138 1966 1606 2044 cognoscuntur
1649 1966 1944 2026 accurate
1986 1960 2237 2026 collatis
2283 1996 2364 2005 ·—-
2407 1958 2529 2026 hac
2558 1958 2665 2025 de-

372 2079 541 2125 mum
596 2060 843 2127 ratione
862 2112 876 2138 ‚
938 2081 1127 2145 quam
1184 2070 1384 2127 artem
1440 2070 1503 2128 et
1560 2062 2004 2128 auctoritatem
2046 2061 2355 2128 historiae
2401 2061 2667 2128 Tacitus

373 2160 783 2245 praestiterit,
840 2160 1192 2228 dilucidum
1240 2163 1566 2229 faciemus.
1626 2170 1876 2229 constat
1920 2164 2372 2248 imperatorum
2420 2161 2666 2228 Galbae

373 2267 437 2327 et
479 2259 753 2328 Othonis
784 2262 951 2328 vitas
982 2283 1024 2327 a
1051 2262 1395 2328 Plutarcho
1443 2262 1802 2348 descriptas
1846 2284 1988 2330 cum
2031 2263 2239 2348 primo
2284 2272 2347 2330 et
2385 2261 2665 2329 secundo

372 2361 536 2428 libro
560 2382 610 2427 c.
643 2366 844 2428 1-50
880 2362 1308 2429 Historiarum
1356 2364 1586 2430 mirum
1631 2364 1697 2429 in
1742 2363 1998 2430 modum
2043 2365 2427 2447 consentire3
2479 2383 2666 2447 quem

372 2482 753 2529 consensum
796 2463 1029 2530 acriter
1071 2465 1514 2531 examinantes
1574 2486 1776 2550 nuper
1822 2465 2179 2532 doctissimi
2235 2465 2359 2531 viri
2404 2463 2665 2529 Momm-

372 2584 514 2630 sen:
572 2563 905 2630 Cornelius
950 2564 1216 2632 Tacitus
1268 2563 1398 2632 und
1456 2565 1723 2631 Cluvius
1772 2566 1975 2631 Rufus
2032 2566 2102 2630 in
2152 2565 2420 2630 Hermes
2464 2563 2555 2629 IV
2601 2571 2666 2628 et

372 2664 637 2730 Nissen:
693 2662 817 2727 Die
861 2663 1191 2729 Historien
1247 2663 1360 2730 des
1403 2663 1656 2730 Plinius
1701 2664 1770 2728 in
1820 2662 2048 2730 Rhein.
2113 2663 2402 2730 Museum
2449 2663 2664 2730 XXVI

374 2763 671 2830 Tacitum
724 2784 867 2830 cum
916 2783 1123 2849 pauca
1178 2782 1213 2828 e
1268 2762 1549 2831 diversis
1611 2764 1977 2831 auctoribus
2040 2771 2174 2829 tum
2233 2765 2539 2849 pleraque
2585 2784 2665 2829 ex

371 2885 496 2932 uno
551 2870 856 2948 tanquam
911 2885 946 2930 e
1001 2863 1348 2951 principali
1408 2864 1584 2930 sonte
1644 2863 1941 2930 hausisse
1992 2862 2164 2929 haud
2221 2864 2435 2930 dubiis
2479 2884 2665 2949 argu-

371 2964 601 3031 mentis
631 2966 1100 3032 confirmarunt.
1144 2971 1207 3032 et
1238 2965 1369 3031 tale
1400 2963 1662 3048 quidem
1691 2963 2002 3029 iudicium
2031 2964 2376 3030 Plutarcho
2407 2964 2662 3031 Tacito-

373 3084 494 3148 que
550 3065 718 3131 inter
774 3086 843 3132 se
888 3065 1260 3151 compositis
1316 3064 1604 3150 contigit,
1665 3073 1733 3130 ut
1792 3063 1871 3130 de
1914 3063 2221 3131 Historiis
2263 3071 2663 3131 statueretur.

373 3173 440 3230 at
479 3165 535 3231 si
580 3167 722 3249 quis
765 3166 1125 3232 Annalibus
1172 3184 1434 3250 operam
1478 3164 1745 3241 dederit,
1814 3171 1947 3231 tam
1991 3165 2293 3231 continuo
2336 3171 2665 3232 auctorum

373 3285 688 3332 consensu
730 3286 856 3332 non
903 3266 1185 3332 ducetur.
1231 3272 1378 3331 sunt
1423 3284 1577 3331 vero
1619 3266 1877 3349 singula
1922 3264 2319 3332 Suetoniana
2360 3267 2465 3332 vel
2510 3265 2664 3331 Dio-

374 3386 513 3450 nea,
583 3385 745 3449 quae
798 3367 855 3431 si
902 3366 1188 3432 Taciteis
1235 3365 1603 3441 contuleris,
1661 3365 1856 3431 etiam
1899 3366 1965 3430 in
2011 3366 2370 3432 Annalibus
2414 3385 2666 3451 compo-

372 3463 602 3532 nendis
647 3466 944 3533 Tacitum
999 3487 1033 3532 e
1089 3464 1415 3552 primariis
1471 3463 1755 3532 fontibus
1814 3485 1941 3532 nou
1984 3465 2276 3532 hausisse
2322 3465 2666 3550 intelliges.

373 3585 568 3633 unum
609 3572 678 3632 ut
718 3567 983 3632 afferam
1028 3567 1409 3652 exemplum,
1468 3566 1537 3631 in
1593 3565 1818 3651 primis
1877 3564 2211 3631 Tiberiani
2266 3565 2667 3650 principatus

373 3666 562 3732 rebus
619 3666 746 3732 Dio
800 3665 975 3733 haud
1029 3685 1295 3752 parvam
1351 3685 1492 3732 cum
1552 3664 1782 3731 Tacito
1848 3663 2338 3730 similitudinem
2394 3684 2551 3750 prae
2596 3683 2665 3731 se

375 3769 513 3833 fert.
562 3786 748 3851 quem
792 3786 1172 3833 consensum
1216 3786 1360 3831 cum
1402 3785 1590 3831 nemo
1637 3765 1848 3831 adhuc
1877 3764 2267 3850 tractaverit,
2310 3785 2391 3831 ne
2421 3763 2664 3830 diutius

376 3868 442 3931 in
486 3868 733 3933 occulto
776 3875 1076 3946 maneret,
1138 3864 1434 3950 equidem
1487 3865 1556 3931 in
1610 3865 2052 3949 quaestionem
2090 3865 2318 3931 vocavi
2377 3884 2667 3948 quaeque

375 3969 516 4052 ipse
556 3964 637 4032 de
679 3967 885 4052 primo
928 3966 1275 4032 Annalium
1332 3965 1497 4031 libro
1564 3964 1940 4048 diiudicavi,
2005 3964 2089 4030 iis
2145 3964 2254 4047 qui
2298 3970 2666 4030 cunctorum

377 4069 537 4134 forte
602 4086 717 4134 sex
780 4067 1063 4153 priorum
1120 4067 1425 4132 librorum
1481 4066 1689 4133 fontes
1738 4064 2164 4149 requisierint,
2232 4063 2669 4149 percensenda

375 4167 645 4234 tradam.

1334 4316 1728 4324 -—-—-——————

1333 4327 1728 4335 ——————-————-
