3037 4913
766 1244 1099 1328 Ioannes
1164 1239 1638 1326 Froitzheim
1701 1240 1800 1323 de
1863 1239 2016 1324 vita
2075 1269 2236 1326 sua.

568 1473 774 1538 Natus
834 1493 972 1537 sum
1031 1472 1493 1554 Norimbergae
1554 1470 1614 1536 d.
1672 1475 1707 1533 2
1771 1490 1850 1534 m.
1909 1470 2042 1534 Mai
2101 1491 2157 1535 a.
2210 1471 2269 1535 h.
2319 1492 2365 1536 S.
2416 1469 2659 1537 XLVII

370 1580 551 1655 patre
618 1573 909 1656 Reinero,
977 1572 1105 1637 civi
1175 1572 1658 1657 Agrippinensi,
1728 1578 1930 1636 matre
1996 1571 2252 1654 Agnese
2327 1572 2407 1637 de
2469 1579 2661 1655 gente

371 1672 956 1756 Schatnaburgensi
993 1671 1353 1750 Froehlich,
1388 1691 1549 1755 quos
1582 1673 1959 1756 superstites
1995 1671 2208 1738 adhuc
2239 1673 2347 1756 pie
2375 1692 2661 1740 veneror.

371 1772 522 1838 fidei
567 1772 864 1839 addictus·
907 1794 1047 1839 sum
1084 1773 1459 1839 catholicae.
1506 1772 1739 1857 puerili
1779 1773 2180 1853 institutione
2223 1793 2338 1858 per
2370 1774 2662 1840 diversas

370 1873 560 1940 urbes
605 1875 883 1941 imbutus
919 1875 1263 1963 gymnasia
1306 1873 1615 1958 deinceps
1662 1873 1800 1939 adii
1844 1881 1909 1939 et
1942 1874 2291 1940 Altonense
2325 1880 2390 1939 et
2421 1875 2661 1940 Bruen-

372 1994 569 2040 nense
615 1984 679 2040 et
722 1974 1089 2040 Lubecense
1147 1983 1210 2040 et
1269 1974 1653 2040 Coloniense
1711 1973 1781 2038 id
1848 1974 2020 2057 quod
2084 1974 2344 2058 egregio
2410 1976 2662 2059 Iaegeri

370 2075 683 2157 regimine
725 2073 923 2141 floret.
965 2075 1117 2141 inde
1150 2097 1230 2142 ex
1275 2083 1614 2141 auctumno
1659 2096 1717 2139 a.
1753 2076 1811 2139 h.
1844 2094 1893 2140 s.
1944 2074 2190 2140 LXVII
2238 2075 2486 2140 civibus
2519 2094 2661 2139 aca-

373 2174 638 2240 demicis
673 2176 1116 2256 universitatis
1156 2175 1516 2242 Bonnensis
1561 2174 1955 2259 adscriptum
1996 2195 2095 2239 me
2141 2174 2491 2240 docuerunt
2519 2194 2661 2239 cum

373 2274 656 2359 theologi
704 2276 1065 2383 Dieringer,
1129 2277 1335 2360 Floss,
1396 2275 1677 2359 Hilgers,
1721 2275 1994 2359 Reusch‚
2053 2281 2187 2340 tum
2230 2294 2381 2340 vero
2424 2275 2661 2358 Kamp-

372 2374 637 2460 schulte,
695 2376 1018 2453 Schaefer,
1078 2377 1405 2463 Springer‚
1465 2376 1546 2443 de
1591 2375 1805 2461 Sybel,
1865 2377 2302 2462 Varrentrapp
2349 2374 2658 2450 historici,

372 2477 679 2560 Bernays,
724 2478 1117 2563 Heimsoeth,
1176 2479 1365 2563 Jahn,
1421 2478 1707 2555 Mueller,
1762 2477 1987 2552 Ritter,
2035 2478 2283 2543 Usener
2325 2475 2658 2562 philologi,

372 2577 591 2661 Meyer
652 2577 1091 2663 philosophus,
1147 2579 1441 2646 Simrock
1478 2579 1902 2663 germanicus.
1991 2596 2149 2659 quos
2209 2577 2382 2643 viros
2441 2593 2661 2641 omnes

373 2678 611 2762 optime
653 2676 736 2742 de
781 2699 882 2744 me
926 2680 1184 2744 meritos
1252 2685 1435 2762 grato
1479 2699 1731 2762 semper
1793 2678 2006 2743 animo
2053 2677 2411 2762 profitebor.
2475 2695 2661 2760 prae-

375 2780 597 2863 cipuas
638 2797 789 2843 vero
830 2779 1075 2861 gratias
1111 2799 1235 2862 ago
1262 2778 1548 2845 Arnoldo
1574 2778 1880 2844 Schaefer
1924 2788 1987 2844 et
2012 2778 2290 2843 Henrico
2334 2776 2415 2842 de
2443 2774 2661 2860 Sybel,

374 2878 502 2961 qui,
553 2884 624 2942 ut
664 2898 779 2962 per
829 2879 957 2944 tria
1013 2880 1349 2944 semestria
1405 2879 1695 2945 historici
1747 2878 2080 2945 seminarii
2135 2877 2380 2943 sodalis
2434 2897 2658 2956 essem,

375 2980 648 3063 benigne
705 2980 1148 3063 permiserunt,
1213 2979 1693 3062 studiorumque
1750 2998 2032 3043 meorum
2089 2977 2414 3045 adiutores
2471 2977 2660 3043 bene-

372 3080 797 3147 volentissimi
842 3080 1239 3146 exstiterunt.
2165 3083 2169 3087 *
