3037 4913
1484 250 1554 310 533

1564 429 1633 486 ut
1689 418 1940 486 iuvenis
1983 419 2324 503 penatibus
2372 421 2478 485 avi
2525 421 2666 490 red-

1571 521 1842 588 deretur.

467 629 573 687 31:
641 613 735 688 Οὖ
775 620 996 704 μέντοι
1050 623 1156 687 καὶ
1202 616 1480 707 ἐκφανὴς
1657 622 1994 703 Utcunque
2039 640 2109 685 se
2148 641 2260 686 eas
2291 642 2394 687 res
2432 622 2672 709 habuit,

380 718 584 799 εὐθὺς
607 718 642 785 ὁ
666 718 956 801 θάνατος
977 715 1176 787 αὐτοῦ
1209 721 1477 808 ἐγένετο.
1573 721 1838 788 vixdum
1925 720 2251 803 ingressus
2342 723 2674 808 Illyricum

382 820 422 909 ἦ
467 821 584 909 γὰρ
655 825 903 890 Λιουΐα
966 828 1349 912 φοβηθεῖσα
1393 816 1480 909 μὴ
1574 823 1874 889 Tiberius
1901 820 2196 907 properis
2221 824 2444 890 matris
2467 826 2673 893 literis

380 952 496 992 του
554 926 853 1011 Γιβεριου
912 926 978 990 ἐν
1025 928 1105 1014 τῇ
1151 921 1481 1008 Λελματίᾳ
1574 924 1831 989 accitur.
1876 943 2073 1004 neque
2102 925 2262 988 satis
2300 932 2675 1007 compertum

385 1024 473 1091 «ξ”τ
514 1018 706 1106 ὄντος
739 1028 1143 1114 νεωτερισθῇ
1180 1048 1261 1105 τι,
1305 1022 1480 1087 συνέ-
1571 1029 1661 1088 est
1691 1022 2042 1108 spirantem
2074 1022 2285 1089 adhuc
2314 1023 2674 1109 Augustum

381 1151 498 1211 κρῖ
484 1138 633 1211 ψεν
667 1119 865 1193 αυτὸν
892 1126 1078 1210 μέχρι
1117 1150 1199 1190 ov
1235 1123 1483 1201 ἐκεῖνος
1573 1123 1745 1207 apud
1790 1122 2012 1198 urbem
2042 1123 2294 1208 Nolam,
2335 1146 2419 1191 an
2454 1129 2675 1194 exani·

380 1218 696 1313 αφίκετομ
751 1252 842 1291 τα
867 1231 904 1292 ὖ
919 1252 955 1290 τ
971 1251 1012 1290 α
1072 1225 1211 1312 γὰρ
1272 1250 1306 1289 ο
1327 1220 1360 1288 ἶ·’
1374 1248 1411 1287 τ
1428 1248 1479 1287 ω
1575 1245 1738 1289 mem
1764 1222 2092 1306 repererit.
2121 1224 2376 1292 aeribus
2400 1247 2675 1311 namque

383 1349 467 1391 το
488 1331 559 1403 ῖς
679 1351 760 1393 τε
890 1327 1222 1392 πλείοσι
1350 1325 1480 1388 καὶ
1576 1323 1886 1390 custodiis
1919 1321 2178 1389 domum
2197 1333 2262 1391 et
2292 1327 2434 1393 vias
2460 1348 2674 1413 sepse-

383 1418 1108 1510 ἄξιοπιστοτέροις
1208 1426 1481 1511 γέγρα-
1574 1433 1674 1491 rat
1743 1426 1952 1510 Livia,
2017 1428 2298 1511 laetique
2356 1428 2675 1494 interdum

383 1551 591 1591 πται.
658 1523 725 1591 εἰ
744 1525 822 1591 oi
876 1521 1018 1610 γάρ
1077 1551 1331 1611 τινες,
1399 1553 1433 1591 ο
1454 1524 1490 1590 ‘B
1573 1527 1784 1593 nuntii
1815 1527 2259 1612 vulgabantur‚
2304 1529 2510 1596 donec
2532 1550 2674 1615 pro·

382 1626 489 1690 καὶ
525 1627 1009 1711 παραγενέσθαι
1036 1623 1150 1691 τὸν
1183 1626 1481 1710 Τιβέριον
1575 1627 1754 1710 visis,
1828 1648 1990 1711 quae
2045 1637 2297 1715 tempus
2357 1632 2673 1710 monebat,

382 1728 460 1813 τῇ
492 1721 666 1810 νόσῳ
709 1720 909 1792 αι’·τοῢ
940 1729 1045 1792 καὶ
1087 1722 1482 1812 ἐπισκήψεις
1574 1730 1765 1795 simul
1811 1733 2167 1800 excessisse
2209 1731 2566 1815 Augustum
2612 1738 2675 1796 et

384 1823 559 1904 τινας
603 1828 756 1910 παρ’
790 1820 1002 1893 αὐτοῦ
1043 1830 1265 1911 λαβεῖν
1307 1825 1483 1915 ἔφα·
1573 1850 1784 1895 rerum
1856 1832 2051 1917 potiri
2114 1833 2435 1920 Neronem
2502 1833 2676 1897 fama

384 1949 541 1991 σαν.
1575 1931 1799 1998 eadem
1844 1932 2005 1997 tulit.

1338 2255 1731 2261 Ἰ

1467 2587 1628 2690 ΠΙ.

588 2834 638 2893 1.
727 2827 998 2908 Quando
1071 2827 1421 2893 communis
1498 2827 1610 2893 ille
1675 2835 1895 2893 auctor
1972 2828 2325 2894 Tiberiana
2387 2837 2676 2916 tempora

384 2930 729 2996 memoriae
772 2929 1192 3013 mandaverit,
1253 2930 1584 3012 quaerenti
1626 2929 1785 2994 mihi
1830 2920 2335 2994 obliviscendum
2378 2951 2503 2996 non
2548 2939 2675 3015 est,

384 3031 554 3115 quod
583 3031 848 3096 Tacitus
894 3038 957 3096 et
983 3031 1112 3095 Dio
1140 3031 1387 3096 Tiberii
1419 3039 1710 3096 naturam
1758 3027 2091 3095 subdolam
2133 3028 2467 3096 finxerunt.
2504 3033 2674 3098 unde

385 3131 671 3210 eandem,
728 3130 937 3213 qualis
984 3129 1157 3214 apud
1201 3138 1537 3214 utrumque
1581 3131 1699 3197 sub
1745 3128 1945 3194 oculis
1990 3128 2205 3213 posita
2246 3138 2361 3214 est,
2427 3132 2672 3198 Tiberii

384 3231 731 3314 imaginem
779 3229 863 3296 ab
908 3237 1165 3296 auctore
1196 3250 1568 3314 expressam
1612 3250 1753 3297 esse
1797 3229 2088 3295 efficitur.
2133 3229 2236 3295 his
2266 3231 2675 3317 introspectis

386 3331 503 3397 sub
567 3332 951 3416 imperatore
998 3329 1262 3395 Tiberio
1330 3330 1473 3414 ipso
1534 3330 1811 3395 auctoris
1878 3331 2143 3396 annales
2210 3330 2418 3401 editos
2476 3334 2677 3401 fuisse

385 3453 570 3497 nemo
637 3431 1038 3497 concesserit.
1103 3430 1217 3498 sed
1276 3431 1448 3496 intra
1517 3451 1674 3514 quos
1720 3451 1923 3496 annos
1970 3430 2130 3495 editi
2193 3431 2366 3497 sint?
2443 3433 2564 3499 hoc
2607 3443 2676 3500 ut

386 3539 732 3615 computeS,
778 3551 1105 3597 monemus
1150 3533 1181 3595 I
1227 3536 1305 3595 69
1353 3531 1419 3597 Ο.
1469 3531 1752 3597 Plinium
1796 3530 2319 3595 Germanicorum
2365 3532 2673 3599 bellorum

385 3632 760 3715 scriptorem
800 3652 840 3696 a
870 3630 1097 3698 Tacito
1138 3637 1553 3696 memoratum
1582 3624 1749 3696 esse.'
1786 3649 1971 3712 quem
2008 3629 2381 3712 scriptorem
2421 3634 2502 3699 ab
2532 3634 2675 3719 ipso

384 3731 598 3797 Taciti
645 3739 901 3797 auctore
943 3732 1208 3798 citatum
1245 3732 1445 3797 fuisse
1479 3751 1596 3816 per
1626 3751 1695 3796 se
1737 3729 1871 3795 veri
1912 3729 2124 3795 simile
2161 3748 2286 3794 non
2332 3739 2430 3797 est
2473 3753 2674 3817 eoque

385 3831 714 3909 refutatur,
761 3831 931 3915 quod
961 3832 1028 3896 in
1068 3851 1195 3898 uno
1222 3831 1435 3897 Taciti
1476 3831 1689 3915 capite
1736 3833 1812 3893 69
1836 3829 2115 3913 primum
2158 3830 2416 3912 quidem
2444 3832 2677 3918 Agrip-

384 3931 607 4016 pinam
650 3930 961 3997 militibus
1007 3931 1377 3999 Germanici
1421 3931 1720 4016 inopibus
1775 3938 1838 3996 et
1894 3930 2134 3995 sauciis
2180 3929 2291 4006 (sc.
2335 3935 2673 4017 regressis)

381 4037 626 4096 vestem
672 4037 737 4096 ct
782 4030 1064 4096 fomenta
1127 4032 1498 4117 dilargitam
1543 4051 1704 4115 esse,
1774 4030 2009 4097 deinde
2051 4030 2355 4114 legimus:
2420 4033 2676 4124 tTradit

386 4129 456 4196 O.
484 4130 736 4195 Plinius
768 4129 1291 4196 Germanicorum
1318 4132 1629 4197 bellorum
1674 4133 1948 4217 scriptor
1974 4131 2248 4217 ‘stetisse
2289 4133 2462 4216 apud
2505 4135 2676 4219 prin-

385 4230 625 4314 cipium
667 4230 882 4313 pontis
927 4231 1151 4297 laudes
1191 4238 1255 4296 et
1307 4238 1523 4314 grates
1567 4233 1843 4299 reversis
1888 4230 2253 4316 legionibus
2296 4227 2673 4301 habentem’.

386 4350 421 4395 e
467 4330 697 4413 quibus
742 4330 931 4396 rebus
991 4331 1265 4396 diversis
1323 4331 1625 4414 quoniam
1670 4331 1749 4397 de
1800 4331 2163 4416 Agrippina
2212 4329 2337 4395 duo
2386 4342 2675 4401 auctores

385 4449 682 4495 narrasse
736 4430 1165 4515 colligendum
1210 4438 1325 4514 est,
1384 4452 1512 4498 non
1555 4431 1972 4508 dubitabitur,
2024 4431 2178 4514 quin
2222 4431 2488 4499 Tacitus
2535 4455 2677 4501 cum

2245 4550 2278 4602 3
