3037 4913
1466 234 1531 284 12

359 405 561 473 bitum
625 424 769 471 esse
827 404 954 470 nisi
1020 405 1397 473 certissimis
1443 412 1959 488 argumentorum
2001 405 2338 471 momentis
2389 404 2650 471 omnino

359 505 746 571 credendum
787 525 915 571 non
949 513 1065 571 est.

558 605 796 672 Contra
856 596 1193 689 quominus
1247 606 1524 674 Dionem
1571 627 1606 671 e
1654 607 1972 674 communi
2017 614 2274 672 auctore
2317 626 2435 671 sua
2480 606 2647 671 male

357 707 629 773 vertisse
670 713 908 773 temere
960 707 1305 790 censueris,
1363 707 1640 792 primum
1695 708 1925 791 obstat,
1991 706 2162 790 quod
2206 707 2275 772 in
2318 706 2401 772 iis
2443 706 2653 788 rebus,

357 807 590 890 quibus
639 827 680 871 a
722 807 953 872 Tacito
991 807 1183 890 plane
1219 807 1550 891 abhorret,
1620 808 1747 873 Dio
1795 807 1935 893 ipse
1980 807 2106 874 sibi
2151 814 2446 889 constare
2490 806 2651 873 mihi

357 908 535 974 visus
558 914 691 975 est.
737 927 1009 990 namque
1062 915 1131 973 ut
1177 908 1606 994 Agrippinam
1649 916 1714 974 et
1764 908 1995 975 Gaium
2038 909 2108 975 in
2152 908 2383 974 itinere
2425 914 2650 994 captos

360 1028 501 1076 esse
541 1016 813 1092 enarret,
858 1008 1023 1074 clam
1072 1009 1403 1092 militibus,
1448 1029 1578 1075 non
1622 1011 1838 1094 palam
1883 1029 1992 1076 eos
2037 1009 2416 1076 discessisse
2459 1016 2653 1075 antea

360 1108 601 1192 scribit,
664 1109 878 1194 pergit
942 1109 1094 1175 inde
1158 1130 1286 1175 non
1348 1111 1686 1195 extemp10,
1756 1109 1870 1176 sed
1935 1110 2300 1176 intermisso
2347 1110 2653 1195 temporis

360 1210 575 1294 spatio
626 1218 759 1276 tum
819 1210 1072 1277 demum
1120 1211 1389 1278 rebelles
1435 1211 1520 1277 ad
1563 1211 2026 1296 poenitentiam
2079 1211 2279 1277 flexos
2330 1230 2491 1277 esse.
2535 1230 2651 1277 nec

360 1330 487 1376 non
528 1309 820 1377 veritatis
883 1312 1164 1397 speciem
1219 1333 1521 1396 magnam
1579 1311 1853 1378 Dionem
1910 1311 2314 1396 praestitisse
2370 1310 2651 1376 testimo·

360 1408 487 1475 niis
536 1408 941 1476 confirmatur
975 1411 1180 1477 hisce:

348 1499 351 1503 ’
557 1508 824 1577 Constat
867 1511 1033 1577 inter
1064 1511 1360 1578 Tacitum
1407 1536 1455 1577 c.
1495 1518 1567 1577 31
1621 1521 1683 1577 et
1713 1512 1986 1578 Dionem
2032 1533 2081 1578 c.
2119 1516 2186 1575 5:
2233 1511 2651 1578 Germanicas

362 1608 667 1693 legiones,
729 1619 966 1693 quanto
1030 1613 1246 1697 plures
1302 1621 1536 1695 essent,
1610 1620 1788 1679 tanto
1858 1612 2199 1678 violentius
2263 1612 2654 1678 Pannonicis

361 1709 651 1776 turbatas
695 1730 854 1778 esse.
900 1720 964 1778 et
1004 1733 1205 1796 usque
1249 1712 1411 1779 adeo
1456 1714 1668 1799 erupit
1707 1714 1940 1795 rabies,
1983 1720 2054 1778 ut
2091 1713 2301 1779 caesis
2341 1713 2652 1779 centurio-

361 1809 569 1892 nibus,
631 1811 855 1878 eiectis
919 1833 954 1877 e
1013 1813 1244 1879 castris
1298 1813 1574 1879 tribunis
1643 1814 2003 1896 legatisque
2048 1813 2373 1897 legionum
2415 1813 2654 1879 milites

361 1930 489 1976 non
529 1912 795 1977 multum
858 1912 938 1977 ab
996 1912 1195 1979 exitio
1258 1913 1439 1979 ducis
1495 1912 1863 1979 Germanici
1909 1913 2225 1979 abessent.
2271 1914 2408 1978 iam·
2444 1913 2655 1999 prima

286 2081 290 2086 ,
366 2010 592 2077 habita
634 2012 928 2077 contione
996 2033 1138 2078 cum
1194 2013 1565 2096 urgentibus
1607 2012 1909 2098 undique,
1955 2022 2024 2079 ut
2067 2034 2275 2080 rerum
2321 2013 2653 2098 potiretur,

367 2109 785 2179 Germanicus
829 2113 1204 2180 moriturum
1246 2115 1461 2199 potius
1516 2135 1710 2198 quam
1752 2114 1943 2180 fidem
1985 2121 2265 2193 exueret,
2313 2114 2653 2181 clamitans

292 2224 299 2231 ‘
366 2211 602 2278 ferrum
666 2233 705 2277 a
777 2213 976 2280 latere
1046 2215 1473 2300 deripuisset,
1548 2215 1838 2301 plerique
1912 2214 2360 2280 rebellantium
2438 2215 2657 2280 feriret

364 2313 782 2380 hortabantur
826 2336 875 2380 c.
925 2320 1019 2394 35,
1070 2315 1303 2381 deinde
1349 2316 1626 2399 legatam
1672 2316 1754 2381 ab
1790 2317 2079 2399 Augusto
2122 2315 2460 2400 pecuniam
2506 2314 2654 2380 duci

365 2421 764 2481 extorserunt
808 2436 858 2481 c.
890 2418 986 2500 37,
1027 2423 1347 2502 postremo
1390 2436 1560 2500 vero,
1604 2424 1674 2482 ut
1714 2416 1806 2481 nil
1846 2415 2294 2483 intemeratum
2336 2415 2655 2498 relinque-

366 2523 555 2598 retur,
598 2517 884 2582 veterani
931 2536 1006 2582 eo
1049 2517 1282 2583 furoris
1326 2536 1573 2595 venere,
1622 2524 1692 2582 ut
1736 2516 2049 2583 concubia
2089 2524 2273 2583 nocte
2303 2523 2368 2582 et
2396 2516 2656 2582 Germa-

366 2619 579 2683 nicum
634 2616 832 2683 cubili
891 2624 1242 2683 extractum
1284 2617 1538 2683 tradere
1581 2618 1889 2684 vexillum
1934 2618 2177 2684 intento
2220 2618 2445 2684 mortis
2487 2623 2658 2683 metu

366 2718 737 2802 subigerent
798 2725 862 2783 et
923 2719 1168 2802 legatos
1222 2739 1264 2782 a
1307 2725 1533 2785 senatu
1578 2718 1809 2785 missos
1855 2718 2075 2785 caedis
2120 2719 2296 2784 avidi
2340 2726 2656 2804 persecta-

366 2827 589 2885 rantur
631 2839 685 2884 c.
716 2823 810 2884 39.
860 2839 1056 2902 quare
1098 2839 1242 2886 cum
1284 2839 1490 2905 paene
1537 2820 1623 2885 ad
1665 2820 1957 2886 ultimum
2001 2818 2335 2884 rebellium
2383 2818 2656 2903 impuni-

370 2925 469 2984 tas
513 2918 848 3003 erupisset,
907 2919 1146 2987 milites
1211 2927 1502 2987 strenuos
1571 2919 1890 3002 durosque
1940 2918 2226 2984 mulieris
2287 2926 2350 2984 et
2390 2919 2658 2986 infantis

370 3027 633 3104 aspectu
701 3018 786 3085 ad
849 3020 1311 3105 poenitentiam
1374 3020 1586 3086 subito
1649 3039 1869 3085 versos
1932 3037 2075 3085 esse
2141 3026 2333 3103 neget
2385 3021 2657 3087 fortasse

368 3120 707 3206 quispiam.
2516 3202 2521 3208 ¹

569 3222 707 3286 Nec
750 3241 880 3287 non
927 3221 1008 3287 de
1053 3221 1240 3305 bello,
1281 3222 1452 3305 quod
1497 3223 1626 3288 iam
1670 3223 2045 3290 imminente
2093 3221 2303 3289 hieme
2347 3220 2454 3305 (cf.
2507 3222 2659 3287 Tac.

379 3343 429 3387 c.
474 3322 581 3405 44)
634 3323 702 3387 in
748 3321 1100 3388 Germanos
1145 3330 1508 3408 susceptum
1553 3331 1667 3403 est,
1714 3344 1923 3410 pauca
1966 3322 2356 3389 disseramus
2398 3341 2659 3388 necesse

326 3495 335 3500 ,
373 3430 485 3490 est.
552 3423 825 3507 legimus
871 3422 1043 3508 apud
1088 3424 1384 3491 Tacitum
1430 3447 1482 3491 c.
1528 3432 1609 3491 44
1657 3426 1946 3510 legiones
1991 3426 2040 3509 I,
2087 3425 2234 3508 XX,
2294 3432 2362 3490 ut
2404 3424 2663 3490 duceret

372 3525 444 3591 in
479 3524 742 3602 hostem,
790 3523 1242 3591 Germanicum
1289 3547 1507 3593 orasse
1549 3526 1831 3609 itemque
1877 3547 1929 3593 c.
1956 3531 2034 3591 49
2080 3525 2367 3610 legiones
2390 3525 2464 3607 V,
2498 3523 2660 3590 XXI

370 3624 710 3690 Veteribus
777 3623 1134 3693 hiemantes
1202 3627 1570 3713 cupidinem
1639 3628 1832 3693 eundi
1892 3628 1959 3694 in
2008 3628 2273 3710 hostem,
2337 3625 2660 3710 piaculum

372 3724 624 3807 furoris,
687 3725 1023 3794 involasse.
1091 3728 1369 3794 fatentur
1431 3729 1671 3794 milites
1738 3749 1864 3795 non
1915 3730 2103 3795 aliter
2172 3748 2360 3813 posse
2411 3726 2655 3812 placari

372 3826 871 3895 commilitonum
913 3847 1153 3911 manes,
1202 3848 1392 3911 quam
1437 3829 1493 3896 si
1545 3829 1911 3914 pectoribus
1953 3829 2169 3914 impiis
2215 3828 2485 3895 honesta
2528 3828 2661 3892 vul·

372 3948 530 3996 nera
594 3928 1007 4013 accepissent.
1074 3949 1241 4013 quae
1307 3931 1505 3997 verba
1549 3931 1908 3997 humillima
1970 3930 2027 3997 si
2093 3929 2345 4015 legeris,
2410 3948 2537 3994 non
2593 3936 2663 3992 ut

372 4030 611 4095 milites
642 4030 996 4114 gregarios,
1040 4030 1156 4097 sed
1198 4039 1268 4097 nt
1311 4050 1544 4116 pueros
1586 4031 1746 4097 bene
1791 4038 2072 4097 moratos
2120 4048 2229 4096 eos
2272 4048 2343 4095 se
2381 4028 2662 4113 gessisse

376 4131 807 4198 contenderes.
875 4137 942 4197 at
998 4131 1123 4196 Dio
1179 4131 1391 4198 verbis
1448 4153 1500 4196 c.
1553 4137 1623 4197 6:
1693 4130 2024 4218 φοβηθεὶς
2065 4115 2240 4195 δὀῧν
2302 4126 2409 4192 καὶ
2473 4117 2564 4205 ὥς
2626 4120 2663 4188 ὁ

374 4226 785 4317 Γερμανικὸς,
844 4226 934 4317 μὴ
994 4230 1100 4295 καὶ
1151 4217 1352 4310 αὖθις
1390 4227 1844 4317 στασιάσωσιν,
1910 4231 1975 4312 ἐς
2017 4226 2134 4319 τὴν
2175 4226 2497 4311 πολεμίαν
2540 4225 2664 4292 ἐνέ-

372 4332 529 4415 βαλε
573 4334 765 4417 longe
808 4332 973 4398 alias
1023 4351 1260 4416 easque
1304 4333 1740 4419 expeditionis
1787 4354 2015 4401 causas
2076 4332 2283 4411 affert,
2327 4350 2493 4413 quae
2534 4347 2664 4395 ma·

376 4451 569 4520 gnam
614 4432 679 4498 h*
1066 4434 1318 4501 *itatem
1338 4442 1700 4521 praestent.
1768 4434 2003 4502 etenim
2061 4432 2323 4499 dubium
2381 4450 2507 4497 non
2550 4434 2666 4511 est,
