3037 4913
1496 278 1568 329 43

394 452 651 535 elinent,
707 450 968 518 nonnisi
1028 450 1331 518 extremis
1394 450 1534 517 eius
1607 449 1951 531 mensibus,
2021 449 2340 533 siquidem
2385 447 2687 534 Agrippi-

396 574 542 620 nam
591 554 792 619 filiam
835 562 1037 622 mater
1081 554 1140 620 d.
1189 557 1244 619 6.
1290 554 1449 619 Nov.
1504 558 1580 617 14
1634 562 1990 639 pepererat.
2049 552 2192 637 ipse
2233 550 2472 617 natalis
2529 548 2687 631 dies,

398 656 507 739 qui
551 656 609 723 si
643 662 943 723 servatus
1007 654 1194 721 nobis
1250 662 1437 738 esset,
1502 655 1771 720 multum
1828 654 2076 719 valeret
2134 652 2222 718 ad
2280 649 2690 718 statuendam

399 756 681 823 natalem
723 775 977 837 aunum,
1034 755 1315 822 nondum
1359 755 1658 821 inventus
1721 762 1834 820 est.
1896 760 2146 820 mortua
2205 750 2466 836 quidem
2507 770 2564 816 a.
2608 753 2689 813 38

399 857 689 923 Drusilla
729 855 1048 923 sancitum
1091 863 1207 939 est,
1252 862 1321 921 ut
1371 856 1511 922 eius
1561 855 1808 921 natales
1858 854 2103 939 pariter
2167 873 2245 919 ae
2289 852 2692 937 Megalenses

395 957 532 1023 ludi
586 958 895 1040 festisque
937 977 980 1021 a
1036 963 1262 1023 senatu
1328 955 1777 1039 equitibusque
1822 954 2030 1040 epulis
2085 954 2350 1020 biduum
2411 951 2690 1019 eelebra·

401 1065 616 1125 rentur
653 1057 716 1139 ¹).
761 1058 832 1136 id
874 1057 1045 1141 quod
1089 1078 1231 1124 eum
1275 1057 1637 1140 insequenti
1683 1078 1739 1122 a.
1790 1061 1866 1121 39
1912 1057 2151 1122 factum
2217 1075 2359 1121 esse
2402 1074 2439 1119 e
2478 1052 2695 1118 Dione

397 1164 615 1241 pateat
645 1159 716 1240 2),
763 1157 1175 1224 efficiendum
1218 1156 1379 1223 mihi
1421 1164 1564 1224 erat
1606 1156 1848 1223 alieubi
1893 1156 1960 1221 in
2003 1155 2227 1222 tabula
2277 1156 2482 1220 arvali
2524 1154 2690 1221 eius-

402 1258 546 1326 dem
588 1259 741 1324 anni
802 1258 990 1326 nobis
1061 1265 1319 1325 servata
1349 1258 1422 1339 ⁸),
1477 1259 1645 1325 sieut
1708 1257 1913 1323 Iuliae
1964 1257 2316 1341 Augustae,
2371 1254 2692 1322 Antoniae

397 1359 744 1443 Augustae,
812 1358 1109 1426 Caesaris
1166 1358 1460 1442 Augusti,
1525 1359 1620 1423 ita
1677 1358 2005 1425 Drusillae
2049 1356 2379 1423 Pantheae
2440 1374 2694 1438 quoque

342 1454 350 1461 ’
397 1459 707 1528 natalicia
728 1459 1073 1552 exstitisse.
1119 1478 1247 1541 qua
1290 1459 1359 1524 in
1399 1459 1622 1524 tabula
1667 1479 1808 1525 eum
1829 1459 2099 1525 duorum
2142 1476 2508 1523 mancorum
2554 1476 2692 1521 ver-

398 1579 581 1628 suum
627 1560 693 1625 in
737 1559 863 1625 fine
893 1559 948 1641 ⁴)
1013 1552 1379 1651 ‘Drusillae'
1422 1567 1486 1625 et
1530 1559 1744 1651 tdivae
1786 1549 2133 1625 Drusillae'
2192 1557 2452 1624 nomina
2505 1556 2692 1623 nobis

398 1667 749 1743 oeeurrant,
786 1659 1062 1726 eouieiat
1106 1659 1343 1743 aliquis
1388 1660 1455 1746 in
1496 1659 1622 1726 hae
1665 1660 1897 1726 lacuna
1940 1658 2249 1726 natalicia
2291 1658 2430 1724 eius
2473 1659 2694 1734 latere,

397 1761 513 1828 sed
560 1761 772 1828 obstat
794 1767 858 1827 et
903 1759 1043 1826 dies
1071 1761 1228 1826 VIII
1273 1781 1328 1825 a.
1371 1760 1502 1825 kal.
1534 1759 1671 1826 Oet.
1715 1760 2206 1846 superscriptus,
2251 1780 2376 1843 quo
2417 1759 2692 1845 Augusti

393 1861 607 1948 potius
627 1862 875 1928 natales
908 1861 1394 1929 eelebrabantur
1424 1863 1494 1944 ⁵),
1540 1869 1605 1928 et
1632 1862 1865 1928 Dionis
1894 1862 2348 1945 testimouium,
2379 1881 2503 1945 quo
2526 1862 2692 1926 Dru-

397 1961 611 2028 sillam
635 1961 862 2046 primis
902 1963 1056 2029 anni
1100 1962 1425 2030 mensibus
1454 1970 1675 2030 natam
1710 1983 1853 2030 esse
1898 1964 2069 2029 infra
2094 1955 2692 2031 demonstrabimus.

398 2062 618 2146 itaque
666 2063 921 2129 consilii
976 2063 1184 2147 inops,-
1239 2082 1364 2146 quo
1417 2063 1557 2128 loeo
1614 2064 1791 2129 illius
1863 2064 2121 2130 tabulae
2177 2064 2489 2131 natalicia
2553 2063 2694 2130 eius

401 2171 616 2230 essent
656 2163 1121 2243 substituenda,
1171 2185 1439 2247 eumque
1483 2186 1866 2250 persuasum
1911 2166 2213 2233 haberem
2255 2152 2494 2230 alieubi
2536 2162 2698 2229 haee

406 2263 752 2347 exstitisse,
794 2264 1388 2332 Gui1.Henzenium
1421 2265 1677 2352 illarum
1722 2266 2082 2332 tabularum
2113 2266 2423 2332 editorem
2466 2284 2580 2349 per
2620 2263 2696 2329 li·

403 2370 573 2432 teras
616 2363 771 2446 adii,
816 2365 926 2448 qui
972 2366 1257 2433 tabulam
1298 2367 1510 2452 istam,
1569 2387 1760 2450 quam
1802 2387 1973 2433 anno
2018 2372 2098 2432 39
2143 2374 2291 2433 ante
2349 2365 2698 2446 tribuisset,

400 2473 470 2529 ut
528 2464 953 2549 fragmentum
1008 2487 1209 2553 nuper
1272 2476 1594 2554 repertum
1657 2469 2062 2551 ostendisset,
2128 2468 2279 2534 anni
2342 2470 2421 2532 38
2480 2466 2698 2552 potius

401 2585 543 2631 esse
592 2565 870 2650 benigne
926 2588 1173 2635 meeum
1216 2570 1729 2636 communicavit.
1774 2569 1892 2636 sed
1952 2570 2071 2635 hoe
2114 2588 2285 2634 anno
2348 2576 2413 2634 et
2452 2573 2703 2633 mortua

402 2672 467 2731 et
505 2674 876 2733 eonsecrata
920 2675 1018 2735 est
1060 2669 1367 2735 Drusilla.
1416 2689 1614 2752 quare
1658 2691 1802 2736 eum
1846 2670 1914 2735 in
1956 2670 2177 2736 tabula
2218 2666 2504 2734 eiusdem
2545 2666 2699 2733 anni

400 2767 724 2835 eelebrata
771 2767 961 2835 divae
1005 2769 1315 2835 natalicia
1371 2790 1502 2836 nou
1547 2778 1818 2854 exstent,
1857 2771 1928 2836 id
1969 2772 2206 2837 factum
2270 2778 2386 2853 est,
2443 2777 2530 2835 ut·
2555 2774 2704 2854 post

405 2867 715 2934 natalicia
756 2866 901 2953 ipsa
942 2868 1234 2936 Drusilla
1277 2877 1641 2936 moreretur.

598 2967 729 3035 Sed
763 2987 1145 3052 quamquam
1170 2970 1407 3038 natalis
1440 2970 1581 3038 dies
1617 2992 1932 3055 nusquam
1957 2972 2165 3037 adhue
2205 2970 2544 3054 invenitur,
2591 2990 2700 3035 an-

405 3087 557 3135 num
579 3076 794 3135 tamen
819 3070 1098 3136 natalem
1123 3092 1159 3136 e
1183 3071 1394 3140 Dione
1418 3073 1777 3158 computari
1805 3072 1975 3156 lieet,
2019 3091 2060 3137 a
2080 3091 2205 3155 quo
2227 3071 2297 3136 in
2338 3070 2502 3136 libro
2526 3069 2700 3136 LIX.
2790 3150 2797 3159 ,

409 3172 651 3234 13-23
689 3188 790 3235 res
838 3188 894 3234 a.
920 3174 995 3234 39
1038 3180 1255 3255 gestas
1289 3173 1460 3240 iusto
1501 3173 1725 3240 ordine
1768 3181 2022 3240 servato
2063 3172 2336 3239 traditas
2380 3191 2523 3238 esse
2555 3170 2700 3238 sub-

401 3269 537 3337 tilis
583 3269 917 3353 inquisitio
961 3272 1257 3339 ostendit.
1300 3294 1450 3339 nam
1499 3296 1550 3340 e.
1581 3280 1656 3339 13
1703 3275 1998 3342 nuntiato
2040 3274 2394 3355 eonsulatn,
2436 3291 2563 3354 quo
2603 3290 2700 3336 se-

401 3371 608 3439 eundo
654 3370 860 3438 Gaius
906 3371 1207 3464 Caligula
1252 3392 1369 3457 per
1410 3372 1681 3456 triginta
1723 3374 1864 3440 dies
1928 3375 2181 3441 functus
2233 3380 2349 3456 est,
2410 3371 2700 3439 eiusdem

401 3492 537 3557 eap.
603 3472 726 3539 sub
778 3472 972 3539 finem
1013 3493 1051 3540 e
1096 3472 1471 3559 Campania,
1537 3474 1605 3538 in
1648 3494 1839 3557 quam
1890 3475 2126 3542 deiude
2168 3475 2490 3559 profectus
2543 3481 2697 3550 erat,

401 3574 485 3641 ad
549 3575 859 3642 natalicia
913 3574 1243 3640 Drusillae
1303 3573 1691 3641 celebranda
1735 3575 2002 3640 Romam
2066 3574 2339 3640 rediisse
2391 3579 2700 3640 narratur.

401 3696 454 3741 e.
513 3680 585 3738 17
630 3675 712 3742 de
751 3695 986 3760 magno
1030 3674 1144 3740 illo
1188 3674 1544 3741 Puteolano
1589 3683 1782 3760 ponte
1825 3674 2129 3741 struendo
2189 3674 2481 3757 traditur,
2522 3695 2573 3739 e.
2621 3679 2700 3738 20

402 3773 527 3840 Gai
557 3775 793 3842 natalis
820 3775 961 3841 dies
992 3780 1087 3839 31.
1109 3775 1276 3859 Aug.
1310 3775 1363 3854 ⁶)
1405 3781 1470 3840 et
1494 3780 1549 3839 2.
1570 3774 1743 3862 Sept.
1788 3775 1986 3841 festus
2016 3775 2128 3841 ille
2153 3775 2466 3842 victoriae
2484 3773 2701 3840 Aetia-

596 4038 646 4107 1)
681 4037 788 4092 Dio
827 4038 962 4094 LIX.
1005 4043 1087 4093 11.
1287 4042 1346 4111 2)
1382 4041 1522 4096 Ibid.
1566 4042 1648 4095 13.

593 4128 649 4187 3)
687 4125 848 4182 Soavi
882 4127 974 4181 uel
1008 4129 1178 4183 bosso
1216 4128 1304 4183 dei
1338 4129 1464 4182 frat.
1509 4129 1640 4184 Arv.
1678 4129 1901 4185 Henzen
1940 4130 2119 4185 Roma
2158 4131 2308 4184 1868.
2350 4146 2398 4196 p.
2425 4130 2589 4196 4sqq.

593 4214 650 4281 4)
693 4214 811 4278 176,
855 4217 972 4269 177.
1095 4227 1106 4235 ·
1172 4216 1228 4283 δ)
1261 4215 1477 4270 Natalis
1514 4216 1756 4286 Augusti
1811 4217 1982 4273 biduo
2030 4234 2251 4288 semper
2299 4215 2685 4271 celebrabatur

397 4300 568 4367 (Suet.
600 4302 744 4372 Aug.
779 4306 877 4373 57)
915 4306 972 4356 st
1010 4302 1234 4371 quidem
1273 4303 1516 4372 primum
1554 4304 1647 4359 IX.
1685 4305 1791 4359 kal.
1831 4306 1950 4359 Oet.
1985 4322 2093 4373 quo
2127 4310 2290 4370 natus
2339 4309 2442 4363 est,
2480 4301 2681 4358 deiude

393 4387 539 4445 VIII.
576 4388 684 4445 kal.
723 4389 803 4459 (C.
840 4390 883 4445 1.
919 4389 983 4445 L.
1027 4390 1070 4445 Ι.
1106 4408 1161 4460 p.
1186 4391 1333 4461 402).

596 4479 651 4548 6)
688 4477 837 4533 Suet.
874 4478 1043 4548 Calig.
1084 4481 1134 4541 8,
1170 4476 1236 4533 cf.
1280 4478 1339 4534 C.
1374 4478 1417 4533 Ι.
1454 4477 1515 4532 L.
1555 4478 1597 4533 1.
1635 4497 1688 4548 p.
1718 4481 1840 4534 400.
