3037 4913
1531 235 1601 288 27

427 402 568 473 νικά
612 406 720 474 καὶ
762 402 842 471 τὰ
886 413 922 472 I
928 402 1248 490 ἐρμανικά
1290 398 1525 473 ὑπετά-

424 531 540 574 πει
593 506 700 572 καὶ
759 507 872 574 τὸν
934 500 1350 592 Γερμανικὸν,
1412 508 1527 592 τῆς

426 601 574 673 τότε
649 608 1007 691 Γερμανίας
1071 598 1348 692 ἄρχοντα
1418 604 1526 671 καὶ

425 702 824 793 φιλούμενον
865 704 977 773 ὕπ’
1022 702 1238 774 αὐτῶν
1273 704 1523 772 ἐδεδίει.

511 798 637 894 ἤδη
695 806 814 891 μὲν
874 831 991 893 γαρ
1046 798 1322 894 ἥκουσα
1402 803 1527 890 ὅτι,

428 903 656 996 ἐπειδὴ
707 903 745 995 ἡ
787 905 1040 974 Λιουία
1086 898 1361 988 ἄκοντος
1406 912 1526 975 τοῦ

427 1001 832 1094 Αυγούστου
854 1003 972 1096 τὴν
995 1001 1196 1091 ἀρχὴν
1210 1002 1387 1096 αὐτῷ
1409 1033 1526 1075 πε·

427 1108 919 1229 ριπεποιηκέναι
967 1106 1240 1193 ἐλέγετο,
1285 1105 1528 1175 ἔπλατ-

424 1232 554 1291 τεν,
583 1204 772 1287 ὅπως
793 1208 884 1295 μή
914 1207 1069 1297 παρ’
1116 1207 1376 1297 ἐκείνης,
1419 1232 1524 1274 και

425 1304 542 1394 γὰρ
598 1307 768 1376 πάνυ
833 1303 994 1399 αὐτῇ
1039 1301 1310 1395 ἤχθετο,
1357 1299 1528 1374 οἷλλοὶ

426 1405 603 1493 παρὰ
647 1411 763 1495 τῆς
811 1410 1063 1526 βοολῆς
1105 1399 1518 1494 ἄναγκαστὸς,

1620 422 1812 472 manu
1877 412 1973 472 tot
2052 407 2359 491 legiones,
2423 405 2717 476 inmensa

1618 505 1936 572 sociorum
1980 505 2245 589 auxilia,
2299 506 2497 571 mirus
2543 505 2717 590 apud

1617 608 1923 694 populum
1968 607 2170 690 favor,
2228 602 2463 671 habere
2518 606 2716 691 impe-

1619 707 1783 774 rium
1826 725 2018 789 quam
2064 713 2440 791 exspectare
2481 708 2716 773 mallet.

1704 806 1922 872 Dabat
1964 813 2028 871 et
2071 806 2284 872 famae
2334 813 2405 873 ut
2453 813 2717 877 vocatus

1621 906 1988 988 electusque
2042 906 2257 991 potius
2301 927 2342 971 a
2386 905 2719 991 republica

1619 1006 1962 1088 videretur,
2016 1024 2207 1090 quam
2262 1022 2378 1092 per
2423 1007 2719 1073 uxorium
2809 1065 2815 1071 .

1619 1106 1927 1176 ambitum
1985 1115 2049 1173 et
2109 1107 2300 1175 senili
2368 1106 2716 1190 adoptione

1619 1205 1991 1291 inrepsisse.

427 1533 519 1588 ως
599 1507 708 1573 καὶ
771 1503 932 1574 κατὰ
1015 1500 1257 1594 αρετὴν
1334 1531 1526 1597 σφων

428 1602 739 1698 προήκων
793 1602 1041 1689 δόξειεν
1094 1599 1298 1693 αὐτὴν
1353 1605 1525 1694 εἰλη-

427 1707 638 1793 φέναι.

623 1808 726 1874 Ex
768 1808 1060 1877 omnibus
1090 1808 1194 1893 iis,
1239 1828 1403 1892 quae
1432 1808 1644 1877 adhuc
1683 1809 2114 1895 exposuimus,
2159 1828 2555 1877 communem
2580 1811 2716 1877 fon-

427 1914 554 1974 tem
597 1928 867 1992 eumque
908 1926 1103 1975 unum
1147 1910 1586 1978 tantummodo
1651 1911 1904 1994 utrique
1963 1908 2165 1976 fuisse
2210 1909 2544 1977 sensimus.
2611 1912 2715 1978 cui

428 2009 783 2076 sententiae
819 2009 888 2075 in
908 2009 1137 2077 Tacito
1180 2010 1444 2078 minime
1482 2012 1743 2078 obstant
1788 2011 1947 2078 haec
1992 2033 2044 2077 c.
2079 2016 2186 2076 13:
2231 2014 2349 2105 De
2393 2012 2716 2098 prioribus

429 2110 823 2188 consentitur,
873 2130 990 2194 pro
1011 2111 1316 2176 Arruntio
1361 2112 1617 2194 quidam
1660 2113 1773 2178 On.
1806 2114 2108 2179 Pisonem
2148 2078 2504 2180 tradidere&
2551 2130 2719 2196 nam,

433 2229 559 2293 quo
601 2230 797 2294 supra
839 2210 1304 2278 dissensionem
1363 2212 1543 2278 illam
1585 2212 1667 2278 de
1733 2213 2035 2279 Vibuleni
2100 2221 2163 2279 et
2206 2213 2544 2279 Percennii
2585 2232 2724 2280 cor-

430 2309 696 2394 poribus
742 2331 782 2374 a
826 2309 1054 2376 Tacito
1098 2330 1150 2377 c.
1195 2315 1272 2376 29
1339 2320 1755 2380 memoratam
1823 2332 1906 2379 ex
1974 2313 2294 2381 erroribus
2359 2332 2462 2379 res
2507 2322 2724 2398 gestas

433 2410 789 2478 videntium
833 2411 1145 2497 originem
1193 2412 1458 2481 duxisse
1500 2414 1860 2500 statuimus,
1931 2414 2157 2482 eodem
2204 2415 2360 2497 iure,
2391 2451 2394 2455 >
2421 2415 2724 2498 quoniam

432 2511 498 2577 in
563 2512 792 2579 ceteris
859 2513 1153 2580 omnibus
1200 2535 1337 2599 cap.
1385 2519 1588 2580 1--15
1638 2516 1819 2582 nulla
1885 2515 2018 2580 alia
2062 2515 2453 2581 tradentium
2516 2514 2723 2581 diver·

431 2615 591 2683 sitas
639 2623 834 2699 extat,
880 2616 1075 2682 etiam
1117 2616 1403 2684 hocloco
1448 2617 1711 2684 dubium
1753 2637 1880 2684 non
1920 2624 2036 2700 est,
2080 2617 2237 2702 quin
2272 2618 2466 2683 talem
2510 2622 2724 2682 aucto·

431 2736 584 2801 rem,
629 2716 741 2799 qui
778 2736 872 2795 ea,
905 2737 1069 2799 quae
1114 2718 1280 2783 inter
1322 2725 1688 2784 senatorum
1718 2717 2206 2785 commentarios
2248 2716 2721 2803 discrepabant,

432 2817 500 2883 in
544 2837 739 2902 opere
782 2833 897 2884 suo
941 2817 1399 2898 adnotavisset‚
1466 2819 1735 2885 Tacitus
1778 2838 1895 2904 pro
1943 2819 2120 2885 fonte
2162 2818 2543 2884 adhibuerit.
2608 2816 2726 2886 sed

431 2917 513 2983 de
555 2924 811 2984 auctore
882 2919 1199 2985 communi
1248 2919 1740 2986 Tiberianorum
1795 2928 2150 3005 temporum
2207 2919 2519 3003 scriptore
2566 2916 2725 2983 haec

431 3018 689 3101 quidem
730 3018 1056 3086 hactenus.

633 3124 687 3183 2.
775 3120 961 3186 Nunc
1025 3120 1277 3187 demum
1356 3122 1631 3188 eundem
1702 3123 1917 3189 Taciti
1987 3130 2052 3188 et
2112 3119 2344 3186 Dionis
2400 3125 2725 3185 auctorem

431 3217 627 3285 etiam
652 3219 929 3304 Augusti
964 3221 1398 3307 principatum
1438 3231 1750 3290 tractasse
1795 3223 1991 3290 altius
2033 3218 2498 3288 disserentibus
2537 3218 2725 3287 nobis

430 3318 707 3403 primum
748 3320 915 3387 inter
960 3342 1028 3388 se
1075 3330 1525 3408 comparantur
1567 3322 1756 3390 haee:

513 3418 802 3486 LV144:
845 3415 964 3487 οὐκ
991 3416 1326 3503 ἐλάχιστον
1344 3408 1531 3489 δὀὖν
1709 3446 1760 3491 c.
1809 3430 1876 3488 2:
1941 3476 1951 3488 .
2000 3477 2010 3487 .
2078 3475 2089 3486 .
2150 3421 2371 3487 munia
2445 3427 2725 3502 senam,

429 3511 612 3606 αὐτῷ
676 3516 848 3604 πρὸς
910 3512 1207 3602 εὐδοξίαν
1277 3521 1381 3587 καὶ
1451 3518 1529 3590 τὸ
1624 3524 2130 3609 magistratuum,
2203 3521 2417 3605 legum
2499 3518 2569 3584 in
2651 3535 2725 3585 se

428 3616 868 3705 πολυχρόνιον
952 3624 1072 3706 τῆς
1151 3617 1531 3708 ἡγεμονείας
1625 3621 1879 3690 trahere
1921 3623 2098 3689 nullo
2147 3622 2549 3704 adversante,
2581 3638 2724 3686 cum

429 3715 771 3809 συνῄρατο.
811 3725 945 3787 τῶν
984 3721 1102 3805 μὲν
1141 3716 1259 3806 γὰρ
1305 3722 1376 3787 ἐκ
1417 3725 1533 3808 τῆς

429 3822 864 3909 δημοκοπίας
943 3814 1204 3907 ἀνδρῶν
1274 3823 1381 3889 καὶ
1467 3848 1528 3888 οι

430 3921 701 4001 πλείους
768 3922 875 3988 καὶ
948 3918 1010 3987 οἱ
1090 3920 1530 4010 δυνατώτεροι

430 4014 908 4089 ἀπωλώλεσαν·
997 4018 1057 4090 οἳ
1137 4023 1193 4090 δ’
1269 4020 1534 4109 ὕστεροι

431 4121 677 4209 ἐκείνης
703 4121 825 4206 μὲν
866 4115 1066 4190 οὐδὲν
1089 4117 1355 4205 εἰδότες,
1388 4128 1537 4204 τοῖς

431 4221 503 4288 δε
545 4226 827 4307 παροῦσι
889 4219 1119 4307 μόνοις
1163 4218 1209 4310 ²²7
1250 4224 1357 4290 καὶ
1415 4221 1535 4308 μά-

430 4321 617 4389 λιστα
682 4322 1101 4411 ἐντραφέντες
1184 4347 1264 4390 ov
1329 4320 1537 4409 μόνον

433 4414 552 4488 ὀὐκ
617 4413 910 4509 ἤχθοντο
978 4416 1204 4503 αυτοῖς
1265 4419 1380 4491 ὅτε
1425 4426 1535 4491 καὶ

1627 3724 2013 3791 ferocissimi
2057 3742 2176 3808 per
2204 3723 2379 3790 acies
2425 3729 2537 3789 aut
2580 3740 2726 3808 pro-

1625 3823 1974 3910 scriptione
2047 3823 2451 3908 cecidissent,
2525 3821 2724 3888 ceteri

1623 3923 1953 4040 nobilium,
1995 3930 2233 4008 quanto
2268 3925 2415 4008 quis
2460 3922 2725 3990 servitio

1627 4024 2001 4110 promptior,
2033 4025 2263 4109 opibus
2289 4030 2353 4090 et
2377 4021 2725 4089 honoribus

1627 4126 2083 4192 extollerentur
2113 4145 2189 4191 ac
2210 4126 2395 4191 novis
2423 4144 2507 4190 ex
2535 4123 2723 4189 rebus

1628 4226 1799 4293 aucti
1835 4233 1975 4292 tuta
2016 4233 2080 4292 et
2115 4223 2503 4310 praesentia,
2533 4241 2725 4306 quam

1626 4334 1846 4393 vetera
1900 4335 1964 4393 et
2016 4326 2395 4412 periculosa,
2443 4324 2712 4390 mallent
