3037 4913
1373 221 1379 231 '
1432 253 1470 330 8,

385 452 437 496 c.
487 434 521 493 5
570 431 638 495 in
683 430 929 497 medio:
1000 429 1107 495 καὶ
1168 426 1286 515 γὰρ
1334 430 1404 496 ἐκ
1584 450 1635 494 c.
1681 434 1786 493 31:
1826 483 1875 494 ..
1910 427 2599 498 ...vernaculamulti-

302 533 420 596 τοῦ
448 522 718 597 ἀστικοῦ
753 521 968 613 ὄχλου,
1015 522 1139 609 οὓς
1181 526 1218 597 ὅ
1252 520 1401 598 Αἷὶ·
1497 531 1651 596 tudo
1694 551 1898 612 nuper
1940 541 2086 597 acto
2144 534 2212 597 in
2278 535 2435 601 urbe
2492 537 2600 600 de-

302 653 578 717 γουστος
616 628 816 718 μετὰ
857 631 1000 718 τήν
1039 624 1402 707 τοῖΟὗά-
1496 633 1665 697 lectu
1715 682 2028 697 ......

304 756 445 815 ρου
492 733 926 824 συμφορὰν
970 732 1403 817 προσκατέλε·

305 837 430 919 ξεν,
475 830 538 900 οὶ
582 834 853 915 πλείους
893 828 1110 901 αὐτῶν
1155 824 1334 923 ἦσαν.

306 937 537 1021 quibus
605 939 764 1004 locis
822 938 1096 1005 Dionem
1167 959 1297 1005 rem
1345 943 1708 1008 accuratius
1774 941 2131 1010 tradentem
2196 946 2425 1012 Tacito
2490 967 2606 1034 pro

308 1043 482 1105 fonte
525 1049 709 1104 'usum
753 1058 879 1104 non
935 1058 1077 1104 esse
1126 1041 1549 1123 cognoscitur.
1635 1051 1702 1106 at
1745 1061 2138 1109 communem
2183 1054 2447 1128 uterque
2493 1067 2603 1111 au·

306 1149 543 1206 ctorem
587 1146 841 1205 secutus
886 1147 1003 1205 est.

505 1241 801 1307 Auctoris
844 1241 1127 1325 vestigia
1169 1242 1467 1308 Tacitum
1509 1245 1827 1329 pressisse
1888 1244 2037 1309 inde
2088 1254 2373 1329 apparet,
2434 1249 2604 1329 quod

306 1349 371 1409 et
414 1339 793 1407 traditarum
841 1362 1052 1407 rerum
1095 1342 1263 1408 idem
1310 1343 1460 1427 fere,
1509 1346 1618 1427 qui
1664 1344 1838 1430 apud
1875 1346 2170 1429 Dionem,
2211 1346 2599 1427 ordo·extat,

306 1451 370 1508 et
405 1442 617 1507 Taciti
649 1442 846 1507 verba
876 1464 1019 1508 cum
1046 1443 1334 1522 Dioneis,
1378 1445 1672 1527 quamvis
1706 1465 1916 1530 pauca
1958 1447 2105 1530 sint,
2153 1447 2420 1513 mirifice
2456 1468 2599 1513 oon-

303 1550 555 1627 gruunt.
599 1545 879 1609 maximo
931 1545 1307 1636 documento
1355 1546 1485 1611 sint
1527 1547 1722 1612 haec:
2494 1551 2501 1556 ’

392 1666 442 1711 c.
482 1649 556 1766 '42
603 1643 671 1709 ἐν
712 1641 829 1729 γὰρ
878 1647 959 1734 τῇ
1001 1646 1407 1734 μεταβολῇ
1587 1669 1640 1713 o.
1692 1649 1795 1711 16:
1847 1700 2069 1712 .....
2111 1655 2386 1714 mutatus
2427 1652 2600 1733 prin-

304 1769 421 1831 της
461 1769 657 1833 αρχης
701 1795 966 1813 .....
1504 1771 1654 1835 ceps
1700 1800 1956 1814 .....

391 1869 441 1914 c.
489 1850 558 1911 5:
633 1846 742 1913 καὶ
808 1845 875 1924 ἐς
940 1843 1260 1933 τοσαύτην
1336 1872 1406 1932 γε
1589 1872 1637 1916 c.
1706 1855 1814 1915 44:
1906 1904 1916 1915 .
1988 1904 1998 1915 .
2069 1905 2079 1916 .
2153 1905 2164 1916 .
2243 1851 2604 1918 discurrunt

307 1944 774 2036 μεταβολὴν
819 1935 1033 2037 ἦλθον
1077 2000 1091 2014 .
1144 1999 1158 2013 .
1205 1999 1219 2013 .
1269 2000 1282 2014 .
1504 1953 1729 2016 mutati
1776 2004 1788 2016 .
1842 2005 1853 2017 .
1906 2005 1916 2016 .
1962 2006 1972 2017 .
2021 2006 2031 2017 .

309 2070 515 2133 neque
561 2052 628 2115 in
669 2059 883 2117 cetera
924 2057 1173 2117 tantum
1211 2053 1599 2136 narratione,
1644 2053 1761 2117 sed
1803 2054 1871 2118 in
1910 2054 2312 2120 contionibus
2355 2073 2604 2137 qnoque

311 2152 769 2237 componendis
817 2152 1084 2218 Tacitus
1153 2154 1432 2219 auctoris
1495 2155 1856 2239 exemplum
1904 2162 2158 2219 secutus
2208 2164 2319 2220 est.
2389 2174 2607 2238 quam-

313 2274 502 2337 quam
549 2252 945 2319 incommode
1011 2253 1269 2334 quidem
1339 2254 1609 2338 accidit,’
1664 2255 1833 2337 quod
1896 2255 2038 2339 Dio,
2106 2275 2234 2338 qua
2298 2276 2450 2321 usus
2511 2264 2607 2321 est

310 2354 512 2418 nimia
534 2353 846 2419 brevitate
881 2354 959 2418 de
984 2355 1310 2438 plerisque
1336 2355 1751 2438 orationibus,
1798 2375 1960 2437 quae
1991 2357 2163 2440 apud
2210 2376 2605 2422 communem

312 2463 631 2521 auctorem
678 2455 966 2539 extitere,
1011 2455 1267 2522 omnino
1311 2464 1497 2536 tacet,
1545 2467 1762 2523 tamen
1806 2458 2098 2523 conferas
2144 2459 2337 2523 haec:

396 2576 449 2621 c.
494 2561 564 2620 4:
631 2550 707 2619 τό
782 2578 853 2621 τε
925 2551 1192 2640 σύμπαν
1261 2548 1412 2624 οὔθ’
1590 2581 1640 2623 c.
1687 2562 1791 2621 17:
1839 2555 2203 2644 [Percennii
2249 2556 2508 2645 verba].
2546 2613 2556 2624 .
2594 2613 2604 2623 .

310 2654 477 2741 ὑπὲρ
519 2657 855 2724 ἑκκαίδεκα
904 2653 1017 2742 ἔτη
1076 2653 1413 2741 στρατεύε·
1506 2669 1576 2727 ut.
1622 2713 1873 2726 .....
1920 2668 2138 2726 sextus
2171 2660 2456 2725 decimus
2493 2660 2606 2725 sti-

312 2763 477 2825 σθαι
522 2748 771 2844 ἤθελον
818 2760 950 2827 κτλ.
1505 2761 1729 2846 pendii
1745 2782 1951 2827 annus
1974 2761 2161 2827 finem
2188 2760 2470 2826 adferret
2490 2769 2604 2826 etc.

396 2850 475 2925 οὗ
503 2855 630 2945 μὴν
667 2851 802 2925 ἀλλ’
841 2857 1083 2943 ἐκεῖνοι
1110 2859 1230 2942 μὲν
1259 2854 1410 2926 τότε
1592 2884 1640 2928 c.
1681 2867 1780 2927 19:
1825 2863 2094 2929 Blaesus
2126 2860 2327 2926 multa
2349 2859 2607 2925 dicendi

312 2984 383 3026 τε
429 2954 622 3043 μόλις
665 2959 831 3027 ποτὲ
873 2958 1006 3027 ὑπὸ
1051 2966 1170 3027 τοῦ
1215 2961 1407 3027 Βλαί-
1509 2970 1645 3027 arte
1693 3015 1943 3027 .....
1992 2961 2083 3027 ait
2130 3012 2142 3024 .
2189 3014 2199 3025 .
2247 3013 2257 3024 .

313 3086 433 3128 σου
482 3063 873 3142 πεισθέντες
920 3116 933 3129 .
987 3115 1001 3129 .
1050 3117 1062 3130 .
1112 3115 1128 3128 .
1867 3108 1872 3113 «

380 3174 449 3232 c.
523 3169 592 3230 5:
680 3159 908 3250 ἐπειδή
1008 3188 1078 3228 τε
1170 3164 1418 3242 ἐκεῖνος
1595 3186 1644 3229 c.
1685 3169 1960 3229 34-352
2003 3173 2153 3231 tunc
2196 3213 2207 3223 .
2262 3217 2273 3228 .
2323 3214 2334 3226 .
2385 3181 2609 3227 .orsus

314 3261 583 3330 πολλοὶ
646 3259 855 3330 εἰπών
915 3266 1023 3331 καὶ
1078 3260 1166 3348 μή
1233 3266 1415 3350 ὁυνη-
1509 3263 1691 3329 flexit
1732 3264 1815 3328 ad
1862 3318 1872 3328 .
1922 3318 1934 3329 .
1987 3317 1998 3329 .
2045 3264 2419 3332 ‚celebrans
2454 3320 2464 3331 .
2501 3316 2514 3329 .
2549 3314 2607 3330 ..

317 3365 469 3443 θεὶς
501 3357 747 3442 αὐτούς
791 3367 1184 3451 καταστῆσαι
1220 3416 1233 3429 .
1283 3417 1296 3430 .
1346 3417 1359 3430 .
1405 3419 1416 3431 .
1512 3365 1662 3430 inde
1714 3415 1726 3428 .
1776 3418 1785 3428 .
1831 3417 1841 3428 .
1890 3415 1902 3428 .
1951 3365 2202 3430 extollit
2265 3420 2274 3430 .
2336 3420 2346 3430 .
2404 3420 2413 3430 .
2480 3419 2490 3429 .
2542 3374 2611 3431 ut

1704 3466 1979 3550 ,attigit
2025 3519 2036 3529 .
2205 3518 2275 3529 ..

317 3566 447 3632 iam
482 3567 665 3632 vides
694 3568 1024 3650 utriusque
1069 3576 1388 3634 auctorem
1422 3588 1690 3651 magnas
1729 3567 1833 3632 his
1874 3566 2034 3632 locis
2079 3567 2398 3633 orationes
2433 3566 2610 3650 operi

317 3688 432 3734 suo
475 3667 839 3735 inseruisse.
884 3689 1080 3751 quare
1116 3671 1183 3734 in
1226 3689 1526 3753 magnum
1569 3688 1845 3734 errorem
1881 3689 2009 3734 non
2053 3667 2318 3745 incides,
2364 3668 2419 3731 si
2467 3666 2611 3731 reli·

318 3787 476 3852 quas
536 3788 754 3835 omnes
803 3769 1148 3853 contiones,
1202 3790 1366 3852 quae
1408 3790 1447 3833 a
1495 3769 1724 3833 Tacito
1775 3768 2148 3845 referuntur,
2201 3766 2284 3832 ad
2334 3769 2612 3834 auctoris

319 3871 682 3955 exemplum
723 3871 1110 3955 compositas
1159 3890 1306 3936 esse
1350 3869 1828 3935 diiudicaveris.
2512 3864 2543 3889 ⁶

522 3976 574 4037 2.
660 3972 780 4037 His
825 3972 1138 4038 absolutis
1182 3993 1351 4037 nunc
1413 3972 1492 4034 de
1553 3970 1866 4047 dissensu,
1934 3968 2043 4051 qui
2110 3988 2271 4033 unus
2319 3967 2615 4050 idemque

319 4093 601 4139 summus
670 4073 836 4138 inter
880 4072 1177 4137 Tacitum
1240 4081 1302 4137 et
1360 4072 1632 4136 Dionem
1699 4077 1891 4148 extat,
1967 4070 2162 4134 altius
2226 4066 2615 4133 disseramus

320 4196 583 4242 necesse
627 4183 740 4242 est.
1614 4227 1623 4239 ,

517 4277 784 4343 Tacitus
834 4276 1215 4342 seditionem
1264 4275 1713 4342 Germanicam
1748 4276 1814 4340 in
1858 4275 2026 4340 hunc
2068 4273 2327 4338 modum
2369 4272 2618 4338 finitam

323 4396 465 4443 esse
492 4386 828 4444 memorat:
877 4377 1298 4444 Germanicus
1328 4378 1408 4443 ob
1439 4377 1777 4444 seditionis
1807 4375 2163 4460 periculum
2189 4372 2617 4458 Agrippinam

324 4497 466 4542 cum
507 4477 671 4542 Gaio
716 4497 913 4561 puero
961 4477 1047 4542 ad
1089 4479 1404 4544 Treveros
1450 4480 1664 4562 palam
1709 4499 1743 4541 c
1787 4476 2014 4542 castris
2056 4475 2438 4540 dimissurus
2480 4480 2618 4537 erat
