3037 4913
1466 246 1538 303 34

346 431 559 489 cetera
616 423 835 489 omnia
880 442 916 488 e
958 430 1173 490 vetere
1237 423 1554 489 communi
1603 423 1716 487 illo
1767 430 2026 489 auctore
2097 423 2458 508 sumpserit,
2507 431 2641 489 tum

347 545 498 592 vero
543 522 628 589 ad
672 544 773 588 res
818 524 1028 607 magis
1068 523 1486 590 illustrandas
1552 543 1760 607 pauca
1800 544 1836 589 e
1879 524 2179 589 Pliniano
2222 544 2414 608 opere
2463 524 2642 589 exhi-

348 627 486 691 bita
548 625 902 690 narrationi
969 645 1123 690 suae
1155 625 1535 690 inseruerit.
1601 625 1681 690 de
1726 645 1849 707 quo
1899 645 2091 711 opere
2136 646 2279 691 cum
2322 626 2488 691 nihil
2531 627 2643 691 ad-

350 726 473 791 huc
519 725 676 791 certi
719 724 1088 802 habeamus,
1137 726 1329 790 altius
1367 724 1490 791 hoc
1536 727 1676 791 loco
1723 726 1908 791 nobis
1952 726 2368 810 repetendum
2411 738 2525 794 est.

556 826 621 891 O.
668 826 865 891 Plinii
912 825 1192 894 Secundi
1259 846 1456 910 opera
1517 828 1734 892 omnia
1776 827 2152 910 singulatim
2195 835 2644 893 enumerantur

350 947 393 989 a
435 934 666 1010 nepote
710 925 1059 1008 eodemque
1099 947 1214 1010 per
1253 927 1668 1011 adoptionem
1714 926 1864 1010 filio,
1912 928 2021 1008 qui
2066 927 2281 992 Macro
2330 948 2444 992 suo
2489 931 2644 994 scri·

346 1027 478 1111 psit
520 1047 620 1111 ep.
666 1028 766 1090 III
821 1030 887 1089 5:
1097 1101 1110 1107 ,

547 1127 944 1218 cPergratum
989 1134 1087 1192 est
1128 1127 1305 1206 mihi,
1334 1127 1503 1210 quod
1545 1134 1677 1192 tam
1720 1126 2064 1209 diligenter
2104 1127 2301 1192 libros
2343 1126 2645 1192 avunculi

352 1228 478 1294 mei
516 1228 787 1310 lectitas,
816 1235 884 1293 ut
910 1228 1143 1294 habere
1174 1249 1392 1295 omnes
1422 1230 1586 1295 velis
1627 1248 2044 1311 quaerasque,
2092 1228 2200 1310 qui
2236 1227 2367 1292 sint
2409 1246 2645 1292 omnes.

354 1329 587 1412 fungar
632 1329 866 1394 indicis
918 1330 1209 1415 partibus
1255 1337 1445 1413 atque
1491 1330 1706 1412 etiam,
1751 1349 1876 1412 quo
1940 1329 2070 1394 sint
2113 1327 2337 1393 ordine
2397 1326 2642 1411 scripti,

350 1436 568 1495 notum
611 1430 729 1495 tibi
777 1431 1026 1496 faciam.
1092 1439 1190 1496 est
1244 1431 1415 1496 enim
1474 1431 1594 1495 hoc
1660 1449 1910 1512 quoque
1956 1427 2262 1495 studiosis
2307 1448 2435 1493 non
2478 1427 2643 1492 iniu-

353 1530 564 1596 cunda
605 1531 913 1613 cognitio:

418 1632 479 1712 1)
524 1632 622 1696 De
667 1632 1055 1697 iaculatione
1100 1632 1378 1714 equestri
1431 1652 1612 1697 unus.
1659 1632 1843 1709 hunc,
1894 1652 2037 1696 cum
2091 1630 2455 1714 praefectus
2501 1628 2644 1692 alae

520 1732 843 1808 militaret,
888 1733 1028 1817 pari
1080 1733 1339 1817 ingenio
1387 1752 1662 1814 curaque
1708 1731 2081 1816 composuit.

409 1836 473 1910 2)
517 1833 617 1896 De
661 1833 797 1898 vita
827 1834 1166 1918 Pomponii
1200 1833 1477 1898 Secundi
1524 1831 1669 1916 duo,
1711 1854 1751 1896 a
1791 1852 1916 1915 quo
1949 1831 2364 1915 singulariter
2395 1838 2644 1893 amatus

522 1933 643 1999 hoc
688 1933 1032 1998 memoriae
1076 1934 1266 1998 amici
1311 1934 1495 2015 quasi
1544 1933 1826 1998 debitum
1871 1952 2096 1998 munus
2144 1930 2435 1996 exsolvit.

408 2035 470 2114 3)
519 2034 841 2101 Bellorum
872 2036 1256 2103 Germaniae
1283 2038 1537 2121 viginti,
1562 2038 1792 2121 quibus
1829 2038 2062 2115 omnia,
2110 2056 2275 2119 quae
2319 2056 2462 2101 cum
2489 2035 2644 2100 Ger-

519 2137 725 2202 manis
753 2138 1069 2220 gessimus
1102 2139 1286 2220 bella,
1326 2139 1601 2222 collegit.
1643 2137 1988 2220 incohavit,
2021 2157 2164 2202 cum
2206 2137 2273 2201 in
2298 2136 2648 2201 Germania

519 2236 842 2320 militaret,
887 2239 1136 2303 somnio
1180 2240 1474 2304 monitus.
1526 2239 1778 2304 adstitit
1822 2237 1990 2303 enim
2053 2237 2408 2320 quiescenti
2447 2236 2645 2302 Drusi

519 2337 793 2403 Neronis
818 2335 1087 2421 effigieS‚
1135 2339 1241 2419 qui
1275 2338 1660 2404 Germaniae
1706 2337 2019 2403 latissime
2052 2337 2255 2401 victor
2298 2335 2388 2401 ibi
2433 2337 2644 2420 periit,

525 2437 1008 2505 commendabat
1036 2440 1405 2505 memoriam
1445 2461 1626 2506 suam
1656 2438 2023 2521 orabatque,
2072 2445 2138 2504 ut
2175 2458 2245 2502 se
2282 2435 2363 2503 ab
2390 2436 2648 2502 iniuria

520 2538 865 2604 oblivionis
910 2539 1250 2605 adsereret.

412 2637 477 2716 4)
524 2636 813 2703 Studiosi
846 2646 974 2704 tres
1015 2640 1081 2703 in
1112 2660 1226 2704 sex
1255 2639 1584 2705 volumina
1627 2647 1888 2725 propter
1917 2638 2404 2723 amplitudinem
2429 2638 2645 2723 divisi,

523 2737 754 2818 quibus
797 2748 1109 2805 oratorem
1156 2739 1238 2805 ab
1285 2740 1688 2806 incunabulis
1733 2739 2014 2806 instituit
2057 2748 2119 2805 et
2161 2740 2446 2823 perfecit.

416 2838 478 2919 5)
523 2838 724 2903 Dubii
756 2841 1064 2906 sermonis
1096 2848 1256 2925 octo,
1299 2842 1561 2926 scripsit
1597 2840 1716 2906 sub
1745 2841 2000 2905 Nerone
2028 2839 2396 2905 novissimis
2440 2841 2646 2922 annis,

522 2956 664 3002 cum
708 2957 893 3005 omne
941 2942 1295 3007 studiorum
1339 2962 1543 3025 genus
1588 2942 1780 3025 paulo
1827 2938 2089 3003 liberius
2136 2946 2326 3023 atque
2372 2940 2645 3006 erectius

523 3038 952 3122 periculosum
996 3042 1270 3107 servitus
1316 3042 1592 3108 fecisset.

414 3142 478 3214 6)
523 3139 580 3202 A
626 3137 751 3204 fine
794 3140 1034 3206 Aufidii
1080 3141 1269 3207 Bassi
1312 3142 1581 3225 triginta
1619 3163 1798 3208 unus.

416 3238 483 3322 7)
525 3239 810 3305 Naturae
854 3240 1266 3316 historiarum
1308 3242 1578 3328 triginta
1619 3249 1882 3327 septem.

554 3339 693 3405 Hoc
735 3339 959 3406 ordine
1005 3340 1070 3407 C.
1116 3342 1367 3409 Plinius
1411 3343 1611 3409 libros
1654 3362 1804 3409 suos
1848 3340 2223 3425 composuit,
2285 3358 2445 3422 quos
2491 3339 2647 3422 quin

359 3439 585 3504 eodem
628 3437 906 3505 ediderit
935 3432 1171 3521 omnes,
1219 3463 1347 3508 non
1393 3450 1490 3509 est
1535 3442 1706 3527 quod
1735 3440 1989 3507 dubites
2032 3440 2319 3524 exceptis
2345 3439 2647 3504 nimirum

357 3560 397 3605 a
432 3540 558 3606 fine
601 3539 844 3606 Aufidii
870 3541 1057 3606 Bassi
1103 3543 1242 3608 sive
1285 3543 1715 3609 Historiarum
1770 3540 1980 3620 libris,
2027 3560 2184 3623 quos
2244 3547 2462 3606 auctor
2506 3539 2647 3625 ipse

356 3649 484 3707 nat.
526 3641 675 3707 hist.
719 3641 920 3726 praes.
966 3645 1006 3723 ξ
1060 3648 1132 3707 19
1179 3643 1403 3710 heredi
1465 3664 1536 3710 se
1591 3643 1933 3710 mandasse
1997 3639 2300 3726 prodidit,
2363 3658 2444 3705 ne
2490 3638 2646 3721 quid

358 3740 693 3807 ambitioni
739 3740 999 3808 dedisse
1041 3744 1177 3809 vita
1214 3743 1621 3812 iudicaretur.

556 3840 878 3907 Bellorum
913 3841 1298 3910 Germaniae
1329 3834 1497 3927 libri,
1548 3843 1626 3909 de
1671 3843 1901 3925 quibus
1939 3841 2259 3927 agendum
2302 3839 2488 3907 nobis
2533 3843 2647 3915 est,

356 3941 614 4026 quando
643 3941 801 4007 editi
837 3942 1091 4028 fuerint,
1116 3964 1243 4011 non
1266 3944 1559 4021 traditur,
1603 3942 1986 4027 computatis
2023 3950 2240 4008 tamen
2282 3941 2384 4023 iis,
2415 3937 2648 4022 quibus

356 4044 606 4131 reliqua
649 4041 731 4108 ab
773 4041 902 4108 isto
945 4045 1302 4130 composita
1344 4052 1508 4129 sunt,
1554 4044 1944 4130 temporibus
2008 4043 2198 4109 facile
2241 4042 2379 4107 erui
2420 4043 2647 4125 potest.

361 4152 424 4211 et
472 4143 674 4210 vitam
717 4144 1057 4228 Pomponii
1117 4145 1417 4229 Secundi,
1463 4165 1656 4227 quam
1714 4145 2003 4229 proxime
2071 4151 2218 4210 ante
2279 4142 2452 4208 bella
2495 4138 2650 4204 Ger-

360 4243 613 4309 maniae
655 4242 907 4309 Plinius
970 4245 1331 4331 descripsit,
1398 4244 1699 4311 defuncto
1742 4245 2098 4330 Pomponio
2158 4241 2465 4326 scriptam
2510 4235 2645 4303 edi·

360 4357 617 4432 tamque
683 4369 823 4416 esse
867 4368 943 4414 eo
989 4348 1399 4414 manifestum
1443 4355 1560 4431 est,
1618 4346 1789 4429 quod
1848 4352 2068 4411 auctor
2128 4343 2253 4410 hoc
2300 4337 2649 4408 memoriae

363 4448 558 4515 amici
602 4450 789 4532 quasi
834 4447 1120 4515 debitum
1147 4467 1375 4515 munus
1418 4447 1796 4516 exsolverat.
1881 4447 1950 4511 P.
1976 4444 2367 4531 Pomponius
2409 4441 2649 4509 Secun-

2992 1717 3004 1764 Αἰ
