<?xml version="1.0" encoding="UTF-8"?>
<!DOCTYPE html PUBLIC "-//W3C//DTD XHTML 1.0 Transitional//EN"
    "http://www.w3.org/TR/xhtml1/DTD/xhtml1-transitional.dtd">
<html xmlns="http://www.w3.org/1999/xhtml" xml:lang="en" lang="en">
 <head>
  <title>
</title>
<meta http-equiv="Content-Type" content="text/html;charset=utf-8" />
  <meta name='ocr-system' content='tesseract 3.04.00' />
  <meta name='ocr-capabilities' content='ocr_page ocr_carea ocr_par ocr_line ocrx_word'/>
</head>
<body>
  <div class='ocr_page' id='page_1' title='image "./detacitifontibu00froigoog_0048.png"; bbox 0 0 3037 4913; ppageno 0'>
   <div class='ocr_carea' id='block_1_1' title="bbox 1460 236 1529 287">
    <p class='ocr_par' dir='ltr' id='par_1_1' title="bbox 1460 236 1529 287">
     <span class='ocr_line' id='line_1_1' title="bbox 1460 236 1529 287; baseline 0 0"><span class='ocrx_word' id='word_1_1' title='bbox 1460 236 1529 287; x_wconf 84' lang='lat'><strong>42</strong></span> 
     </span>
    </p>
   </div>
   <div class='ocr_carea' id='block_1_2' title="bbox 346 407 2647 4021">
    <p class='ocr_par' dir='ltr' id='par_1_2' title="bbox 350 407 2647 996">
     <span class='ocr_line' id='line_1_2' title="bbox 350 407 2644 478; baseline 0.001 -3"><span class='ocrx_word' id='word_1_2' title='bbox 350 416 462 475; x_wconf 81' lang='lat' dir='ltr'><strong>aut</strong></span> <span class='ocrx_word' id='word_1_3' title='bbox 503 415 748 475; x_wconf 76' lang='lat' dir='ltr'><strong>aestate</strong></span> <span class='ocrx_word' id='word_1_4' title='bbox 792 428 848 472; x_wconf 88' lang='lat' dir='ltr'><strong>a.</strong></span> <span class='ocrx_word' id='word_1_5' title='bbox 901 412 975 471; x_wconf 84' lang='lat'><strong>14</strong></span> <span class='ocrx_word' id='word_1_6' title='bbox 1020 407 1105 473; x_wconf 85' lang='lat' dir='ltr'><strong>ad</strong></span> <span class='ocrx_word' id='word_1_7' title='bbox 1151 407 1600 476; x_wconf 71' lang='lat' dir='ltr'><strong>Germanicum</strong></span> <span class='ocrx_word' id='word_1_8' title='bbox 1656 429 1838 477; x_wconf 88' lang='lat' dir='ltr'><strong>suum</strong></span> <span class='ocrx_word' id='word_1_9' title='bbox 1899 420 2051 477; x_wconf 89' lang='lat' dir='ltr'><strong>tunc</strong></span> <span class='ocrx_word' id='word_1_10' title='bbox 2094 411 2162 476; x_wconf 90' lang='lat' dir='ltr'><strong>in</strong></span> <span class='ocrx_word' id='word_1_11' title='bbox 2205 410 2424 477; x_wconf 86' lang='lat' dir='ltr'><strong>Gallia</strong></span> <span class='ocrx_word' id='word_1_12' title='bbox 2475 430 2644 478; x_wconf 88' lang='lat' dir='ltr'><strong>com-</strong></span> 
     </span>
     <span class='ocr_line' id='line_1_3' title="bbox 350 510 2644 595; baseline 0 -19"><span class='ocrx_word' id='word_1_13' title='bbox 350 516 699 576; x_wconf 88' lang='lat' dir='ltr'><strong>morantem</strong></span> <span class='ocrx_word' id='word_1_14' title='bbox 742 510 1094 594; x_wconf 86' lang='lat' dir='ltr'><strong>profectam</strong></span> <span class='ocrx_word' id='word_1_15' title='bbox 1149 530 1291 576; x_wconf 89' lang='lat' dir='ltr'><strong>esse</strong></span> <span class='ocrx_word' id='word_1_16' title='bbox 1352 510 1838 595; x_wconf 74' lang='lat' dir='ltr'><strong>cognoverimus</strong></span> <span class='ocrx_word' id='word_1_17' title='bbox 1872 511 1917 591; x_wconf 86' lang='lat'><strong>¹)</strong></span> <span class='ocrx_word' id='word_1_18' title='bbox 1978 532 2245 595; x_wconf 90' lang='lat' dir='ltr'><strong>eamque</strong></span> <span class='ocrx_word' id='word_1_19' title='bbox 2305 520 2644 579; x_wconf 86' lang='lat' dir='ltr'><strong>auctumno</strong></span> 
     </span>
     <span class='ocr_line' id='line_1_4' title="bbox 352 609 2647 697; baseline 0.001 -21"><span class='ocrx_word' id='word_1_20' title='bbox 352 610 639 676; x_wconf 86' lang='lat' dir='ltr'><strong>eiusdem</strong></span> <span class='ocrx_word' id='word_1_21' title='bbox 695 609 850 675; x_wconf 89' lang='lat' dir='ltr'><strong>anni</strong></span> <span class='ocrx_word' id='word_1_22' title='bbox 911 610 978 675; x_wconf 88' lang='lat' dir='ltr'><strong>in</strong></span> <span class='ocrx_word' id='word_1_23' title='bbox 1033 610 1263 677; x_wconf 87' lang='lat' dir='ltr'><strong>castris</strong></span> <span class='ocrx_word' id='word_1_24' title='bbox 1327 611 1653 694; x_wconf 88' lang='lat' dir='ltr'><strong>legionum</strong></span> <span class='ocrx_word' id='word_1_25' title='bbox 1718 612 2242 680; x_wconf 88' lang='lat' dir='ltr'><strong>Germanicarum</strong></span> <span class='ocrx_word' id='word_1_26' title='bbox 2308 613 2647 697; x_wconf 82' lang='lat' dir='ltr'><strong>gravidam</strong></span> 
     </span>
     <span class='ocr_line' id='line_1_5' title="bbox 351 710 2644 799; baseline 0.001 -25"><span class='ocrx_word' id='word_1_27' title='bbox 351 710 618 777; x_wconf 79' lang='lat' dir='ltr'>Tacitus</span> <span class='ocrx_word' id='word_1_28' title='bbox 640 719 947 776; x_wconf 79' lang='lat' dir='ltr'><strong>memoret</strong></span> <span class='ocrx_word' id='word_1_29' title='bbox 975 710 1046 793; x_wconf 79' lang='lat'><strong>²),</strong></span> <span class='ocrx_word' id='word_1_30' title='bbox 1095 710 1360 777; x_wconf 88' lang='lat' dir='ltr'><strong>dubium</strong></span> <span class='ocrx_word' id='word_1_31' title='bbox 1404 732 1532 779; x_wconf 90' lang='lat' dir='ltr'><strong>non</strong></span> <span class='ocrx_word' id='word_1_32' title='bbox 1575 719 1693 796; x_wconf 89' lang='lat' dir='ltr'><strong>est,</strong></span> <span class='ocrx_word' id='word_1_33' title='bbox 1731 712 1885 796; x_wconf 89' lang='lat' dir='ltr'><strong>quin</strong></span> <span class='ocrx_word' id='word_1_34' title='bbox 1921 721 2113 798; x_wconf 87' lang='lat' dir='ltr'><strong>partu</strong></span> <span class='ocrx_word' id='word_1_35' title='bbox 2153 713 2348 799; x_wconf 85' lang='lat' dir='ltr'><strong>paulo</strong></span> <span class='ocrx_word' id='word_1_36' title='bbox 2381 721 2532 799; x_wconf 84' lang='lat' dir='ltr'><strong>post</strong></span> <span class='ocrx_word' id='word_1_37' title='bbox 2573 713 2644 777; x_wconf 85' lang='lat' dir='ltr'><strong>in</strong></span> 
     </span>
     <span class='ocr_line' id='line_1_6' title="bbox 352 810 2644 897; baseline 0.001 -20"><span class='ocrx_word' id='word_1_38' title='bbox 352 813 559 877; x_wconf 87' lang='lat' dir='ltr'><strong>lucem</strong></span> <span class='ocrx_word' id='word_1_39' title='bbox 601 810 776 876; x_wconf 90' lang='lat' dir='ltr'><strong>edito</strong></span> <span class='ocrx_word' id='word_1_40' title='bbox 818 810 1184 895; x_wconf 77' lang='lat' dir='ltr'><strong>Agrippina</strong></span> <span class='ocrx_word' id='word_1_41' title='bbox 1228 811 1367 877; x_wconf 89' lang='lat' dir='ltr'><strong>filia</strong></span> <span class='ocrx_word' id='word_1_42' title='bbox 1431 819 1587 878; x_wconf 85' lang='lat' dir='ltr'><strong>nata</strong></span> <span class='ocrx_word' id='word_1_43' title='bbox 1632 813 1844 897; x_wconf 84' lang='lat' dir='ltr'><strong>fuerit,</strong></span> <span class='ocrx_word' id='word_1_44' title='bbox 1908 813 1977 879; x_wconf 90' lang='lat' dir='ltr'><strong>id</strong></span> <span class='ocrx_word' id='word_1_45' title='bbox 2019 813 2192 896; x_wconf 89' lang='lat' dir='ltr'><strong>quod</strong></span> <span class='ocrx_word' id='word_1_46' title='bbox 2256 812 2434 879; x_wconf 90' lang='lat' dir='ltr'><strong>hisce</strong></span> <span class='ocrx_word' id='word_1_47' title='bbox 2488 820 2644 879; x_wconf 88' lang='lat' dir='ltr'><strong>tem-</strong></span> 
     </span>
     <span class='ocr_line' id='line_1_7' title="bbox 350 911 1808 996; baseline 0.002 -19"><span class='ocrx_word' id='word_1_48' title='bbox 350 930 576 996; x_wconf 87' lang='lat' dir='ltr'><strong>porum</strong></span> <span class='ocrx_word' id='word_1_49' title='bbox 620 911 1013 995; x_wconf 80' lang='lat' dir='ltr'><strong>argumentis</strong></span> <span class='ocrx_word' id='word_1_50' title='bbox 1063 912 1339 978; x_wconf 81' lang='lat' dir='ltr'><strong>maxime</strong></span> <span class='ocrx_word' id='word_1_51' title='bbox 1384 913 1808 980; x_wconf 81' lang='lat' dir='ltr'><strong>confirmatur.</strong></span> 
     </span>
    </p>

    <p class='ocr_par' dir='ltr' id='par_1_3' title="bbox 346 1012 2646 3617">
     <span class='ocr_line' id='line_1_8' title="bbox 546 1012 2640 1098; baseline 0.001 -20"><span class='ocrx_word' id='word_1_52' title='bbox 546 1012 859 1078; x_wconf 87' lang='lat' dir='ltr'><strong>Nuntiata</strong></span> <span class='ocrx_word' id='word_1_53' title='bbox 901 1020 1100 1078; x_wconf 85' lang='lat' dir='ltr'><strong>morte</strong></span> <span class='ocrx_word' id='word_1_54' title='bbox 1141 1013 1435 1097; x_wconf 88' lang='lat' dir='ltr'><strong>Augusti,</strong></span> <span class='ocrx_word' id='word_1_55' title='bbox 1481 1034 1648 1096; x_wconf 88' lang='lat' dir='ltr'><strong>quae</strong></span> <span class='ocrx_word' id='word_1_56' title='bbox 1689 1015 1749 1081; x_wconf 90' lang='lat' dir='ltr'><strong>d.</strong></span> <span class='ocrx_word' id='word_1_57' title='bbox 1802 1019 1893 1080; x_wconf 85' lang='lat'><strong>19.</strong></span> <span class='ocrx_word' id='word_1_58' title='bbox 1939 1016 2097 1098; x_wconf 91' lang='lat' dir='ltr'><strong>Aug.</strong></span> <span class='ocrx_word' id='word_1_59' title='bbox 2146 1036 2202 1079; x_wconf 90' lang='lat' dir='ltr'><strong>a.</strong></span> <span class='ocrx_word' id='word_1_60' title='bbox 2257 1019 2346 1079; x_wconf 86' lang='lat'><strong>14.</strong></span> <span class='ocrx_word' id='word_1_61' title='bbox 2392 1014 2640 1080; x_wconf 88' lang='lat' dir='ltr'><strong>accide-</strong></span> 
     </span>
     <span class='ocr_line' id='line_1_9' title="bbox 347 1100 2643 1200; baseline 0.002 -24"><span class='ocrx_word' id='word_1_62' title='bbox 347 1120 465 1195; x_wconf 87' lang='lat' dir='ltr'><strong>rat,</strong></span> <span class='ocrx_word' id='word_1_63' title='bbox 500 1111 733 1178; x_wconf 89' lang='lat' dir='ltr'><strong>iisdem</strong></span> <span class='ocrx_word' id='word_1_64' title='bbox 758 1100 958 1180; x_wconf 80' lang='lat' dir='ltr'><strong>ferme</strong></span> <span class='ocrx_word' id='word_1_65' title='bbox 987 1114 1216 1181; x_wconf 89' lang='lat' dir='ltr'><strong>diebus</strong></span> <span class='ocrx_word' id='word_1_66' title='bbox 1259 1123 1324 1181; x_wconf 85' lang='lat' dir='ltr'><strong>et</strong></span> <span class='ocrx_word' id='word_1_67' title='bbox 1350 1117 1758 1182; x_wconf 88' lang='lat' dir='ltr'><strong>Pannonicas</strong></span> <span class='ocrx_word' id='word_1_68' title='bbox 1802 1125 1869 1182; x_wconf 88' lang='lat' dir='ltr'><strong>et</strong></span> <span class='ocrx_word' id='word_1_69' title='bbox 1889 1116 2309 1183; x_wconf 83' lang='lat' dir='ltr'><strong>Germanicas</strong></span> <span class='ocrx_word' id='word_1_70' title='bbox 2356 1116 2643 1200; x_wconf 82' lang='lat' dir='ltr'><strong>legiones</strong></span> 
     </span>
     <span class='ocr_line' id='line_1_10' title="bbox 349 1211 2642 1302; baseline 0 -23"><span class='ocrx_word' id='word_1_71' title='bbox 349 1212 582 1279; x_wconf 86' lang='lat' dir='ltr'><strong>seditio</strong></span> <span class='ocrx_word' id='word_1_72' title='bbox 615 1212 883 1279; x_wconf 87' lang='lat' dir='ltr'><strong>incessit</strong></span> <span class='ocrx_word' id='word_1_73' title='bbox 902 1211 974 1295; x_wconf 77' lang='lat'><strong>³).</strong></span> <span class='ocrx_word' id='word_1_74' title='bbox 1016 1214 1135 1280; x_wconf 90' lang='lat' dir='ltr'><strong>sed</strong></span> <span class='ocrx_word' id='word_1_75' title='bbox 1159 1222 1499 1300; x_wconf 83' lang='lat' dir='ltr'><strong>postquam</strong></span> <span class='ocrx_word' id='word_1_76' title='bbox 1541 1217 1657 1283; x_wconf 86' lang='lat' dir='ltr'><strong>illa</strong></span> <span class='ocrx_word' id='word_1_77' title='bbox 1700 1216 1758 1281; x_wconf 91' lang='lat' dir='ltr'><strong>d.</strong></span> <span class='ocrx_word' id='word_1_78' title='bbox 1804 1222 1899 1281; x_wconf 80' lang='lat'><strong>26.</strong></span> <span class='ocrx_word' id='word_1_79' title='bbox 1938 1216 2129 1302; x_wconf 75' lang='lat' dir='ltr'><strong>Sept,</strong></span> <span class='ocrx_word' id='word_1_80' title='bbox 2175 1235 2300 1300; x_wconf 91' lang='lat' dir='ltr'><strong>quo</strong></span> <span class='ocrx_word' id='word_1_81' title='bbox 2349 1217 2501 1283; x_wconf 85' lang='lat' dir='ltr'><strong>luna</strong></span> <span class='ocrx_word' id='word_1_82' title='bbox 2532 1215 2642 1281; x_wconf 90' lang='lat' dir='ltr'><strong>de-</strong></span> 
     </span>
     <span class='ocr_line' id='line_1_11' title="bbox 351 1312 2637 1400; baseline 0.002 -22"><span class='ocrx_word' id='word_1_83' title='bbox 351 1312 505 1378; x_wconf 84' lang='lat' dir='ltr'><strong>fecit</strong></span> <span class='ocrx_word' id='word_1_84' title='bbox 535 1316 608 1396; x_wconf 82' lang='lat'><strong>⁴),</strong></span> <span class='ocrx_word' id='word_1_85' title='bbox 669 1318 768 1377; x_wconf 91' lang='lat' dir='ltr'><strong>est</strong></span> <span class='ocrx_word' id='word_1_86' title='bbox 833 1315 1205 1399; x_wconf 85' lang='lat' dir='ltr'><strong>composita,</strong></span> <span class='ocrx_word' id='word_1_87' title='bbox 1253 1314 1702 1383; x_wconf 79' lang='lat' dir='ltr'><strong>Germanicam</strong></span> <span class='ocrx_word' id='word_1_88' title='bbox 1764 1317 2180 1384; x_wconf 88' lang='lat' dir='ltr'><strong>rebellionem</strong></span> <span class='ocrx_word' id='word_1_89' title='bbox 2242 1318 2637 1400; x_wconf 87' lang='lat' dir='ltr'><strong>aliquantum</strong></span> 
     </span>
     <span class='ocr_line' id='line_1_12' title="bbox 349 1413 2641 1500; baseline 0.001 -21"><span class='ocrx_word' id='word_1_90' title='bbox 349 1414 654 1500; x_wconf 87' lang='lat' dir='ltr'><strong>temporis</strong></span> <span class='ocrx_word' id='word_1_91' title='bbox 682 1413 952 1482; x_wconf 79' lang='lat' dir='ltr'><strong>durasse</strong></span> <span class='ocrx_word' id='word_1_92' title='bbox 995 1436 1033 1481; x_wconf 89' lang='lat' dir='ltr'><strong>e</strong></span> <span class='ocrx_word' id='word_1_93' title='bbox 1064 1416 1213 1481; x_wconf 83' lang='lat' dir='ltr'><strong>Tac.</strong></span> <span class='ocrx_word' id='word_1_94' title='bbox 1240 1417 1288 1481; x_wconf 93' lang='grc' dir='ltr'><strong>Ι.</strong></span> <span class='ocrx_word' id='word_1_95' title='bbox 1331 1420 1410 1480; x_wconf 84' lang='grc'><strong>46</strong></span> <span class='ocrx_word' id='word_1_96' title='bbox 1457 1416 1648 1483; x_wconf 88' lang='lat' dir='ltr'><strong>initio</strong></span> <span class='ocrx_word' id='word_1_97' title='bbox 1692 1417 2124 1500; x_wconf 88' lang='lat' dir='ltr'><strong>colligendum</strong></span> <span class='ocrx_word' id='word_1_98' title='bbox 2167 1426 2281 1484; x_wconf 90' lang='lat' dir='ltr'><strong>est.</strong></span> <span class='ocrx_word' id='word_1_99' title='bbox 2323 1424 2641 1499; x_wconf 81' lang='lat' dir='ltr'><strong>utcunque</strong></span> 
     </span>
     <span class='ocr_line' id='line_1_13' title="bbox 347 1515 2644 1602; baseline -0 -20"><span class='ocrx_word' id='word_1_100' title='bbox 347 1536 419 1582; x_wconf 87' lang='lat' dir='ltr'><strong>se</strong></span> <span class='ocrx_word' id='word_1_101' title='bbox 461 1536 541 1582; x_wconf 86' lang='lat' dir='ltr'><strong>ea</strong></span> <span class='ocrx_word' id='word_1_102' title='bbox 579 1536 681 1581; x_wconf 89' lang='lat' dir='ltr'><strong>res</strong></span> <span class='ocrx_word' id='word_1_103' title='bbox 718 1515 960 1595; x_wconf 83' lang='lat' dir='ltr'><strong>habuit,</strong></span> <span class='ocrx_word' id='word_1_104' title='bbox 1005 1516 1432 1602; x_wconf 77' lang='lat' dir='ltr'><strong>Agrippinam</strong></span> <span class='ocrx_word' id='word_1_105' title='bbox 1489 1517 1665 1583; x_wconf 86' lang='lat' dir='ltr'><strong>circa</strong></span> <span class='ocrx_word' id='word_1_106' title='bbox 1711 1518 1839 1582; x_wconf 85' lang='lat' dir='ltr'><strong>kal.</strong></span> <span class='ocrx_word' id='word_1_107' title='bbox 1883 1516 2020 1583; x_wconf 89' lang='lat' dir='ltr'><strong>Oct.</strong></span> <span class='ocrx_word' id='word_1_108' title='bbox 2081 1538 2139 1582; x_wconf 88' lang='lat' dir='ltr'><strong>a.</strong></span> <span class='ocrx_word' id='word_1_109' title='bbox 2194 1521 2266 1581; x_wconf 89' lang='grc'><strong>14</strong></span> <span class='ocrx_word' id='word_1_110' title='bbox 2308 1537 2404 1600; x_wconf 90' lang='lat' dir='ltr'><strong>eo,</strong></span> <span class='ocrx_word' id='word_1_111' title='bbox 2470 1515 2644 1600; x_wconf 89' lang='lat' dir='ltr'><strong>quod</strong></span> 
     </span>
     <span class='ocr_line' id='line_1_14' title="bbox 349 1615 2638 1703; baseline 0 -22"><span class='ocrx_word' id='word_1_112' title='bbox 349 1621 413 1681; x_wconf 86' lang='lat' dir='ltr'><strong>et</strong></span> <span class='ocrx_word' id='word_1_113' title='bbox 454 1615 659 1682; x_wconf 86' lang='lat' dir='ltr'><strong>hiems</strong></span> <span class='ocrx_word' id='word_1_114' title='bbox 703 1616 1082 1684; x_wconf 83' lang='lat' dir='ltr'><strong>imminebat</strong></span> <span class='ocrx_word' id='word_1_115' title='bbox 1120 1638 1327 1700; x_wconf 89' lang='lat' dir='ltr'><strong>neque</strong></span> <span class='ocrx_word' id='word_1_116' title='bbox 1372 1618 1466 1684; x_wconf 88' lang='lat' dir='ltr'><strong>ita</strong></span> <span class='ocrx_word' id='word_1_117' title='bbox 1512 1618 1712 1683; x_wconf 90' lang='lat' dir='ltr'><strong>multo</strong></span> <span class='ocrx_word' id='word_1_118' title='bbox 1753 1625 1902 1703; x_wconf 89' lang='lat' dir='ltr'><strong>post</strong></span> <span class='ocrx_word' id='word_1_119' title='bbox 1948 1617 2171 1684; x_wconf 90' lang='lat' dir='ltr'><strong>eodem</strong></span> <span class='ocrx_word' id='word_1_120' title='bbox 2236 1637 2404 1684; x_wconf 86' lang='lat' dir='ltr'><strong>anno</strong></span> <span class='ocrx_word' id='word_1_121' title='bbox 2448 1636 2638 1701; x_wconf 85' lang='lat' dir='ltr'><strong>expe·</strong></span> 
     </span>
     <span class='ocr_line' id='line_1_15' title="bbox 348 1715 2643 1804; baseline 0 -22"><span class='ocrx_word' id='word_1_122' title='bbox 348 1715 511 1784; x_wconf 84' lang='lat' dir='ltr'><strong>ditio</strong></span> <span class='ocrx_word' id='word_1_123' title='bbox 555 1717 624 1783; x_wconf 90' lang='lat' dir='ltr'><strong>in</strong></span> <span class='ocrx_word' id='word_1_124' title='bbox 654 1717 1066 1784; x_wconf 80' lang='lat' dir='ltr'><strong>Germaniam</strong></span> <span class='ocrx_word' id='word_1_125' title='bbox 1097 1719 1270 1785; x_wconf 85' lang='lat' dir='ltr'><strong>facta</strong></span> <span class='ocrx_word' id='word_1_126' title='bbox 1311 1726 1424 1797; x_wconf 89' lang='lat' dir='ltr'><strong>est,</strong></span> <span class='ocrx_word' id='word_1_127' title='bbox 1469 1737 1597 1784; x_wconf 91' lang='lat' dir='ltr'><strong>non</strong></span> <span class='ocrx_word' id='word_1_128' title='bbox 1622 1718 1813 1804; x_wconf 88' lang='lat' dir='ltr'><strong>longe</strong></span> <span class='ocrx_word' id='word_1_129' title='bbox 1844 1740 1885 1784; x_wconf 89' lang='lat' dir='ltr'><strong>a</strong></span> <span class='ocrx_word' id='word_1_130' title='bbox 1905 1725 2093 1804; x_wconf 89' lang='lat' dir='ltr'><strong>partu</strong></span> <span class='ocrx_word' id='word_1_131' title='bbox 2120 1717 2370 1785; x_wconf 87' lang='lat' dir='ltr'><strong>edendo</strong></span> <span class='ocrx_word' id='word_1_132' title='bbox 2400 1716 2643 1783; x_wconf 87' lang='lat' dir='ltr'><strong>afuisse</strong></span> 
     </span>
     <span class='ocr_line' id='line_1_16' title="bbox 347 1818 2641 1905; baseline 0 -22"><span class='ocrx_word' id='word_1_133' title='bbox 347 1818 581 1902; x_wconf 87' lang='lat' dir='ltr'><strong>elucet;</strong></span> <span class='ocrx_word' id='word_1_134' title='bbox 625 1838 814 1902; x_wconf 89' lang='lat' dir='ltr'><strong>quem</strong></span> <span class='ocrx_word' id='word_1_135' title='bbox 854 1819 977 1885; x_wconf 89' lang='lat' dir='ltr'><strong>hoc</strong></span> <span class='ocrx_word' id='word_1_136' title='bbox 1018 1820 1161 1905; x_wconf 92' lang='lat' dir='ltr'><strong>ipso</strong></span> <span class='ocrx_word' id='word_1_137' title='bbox 1205 1821 1307 1886; x_wconf 89' lang='lat' dir='ltr'><strong>vel</strong></span> <span class='ocrx_word' id='word_1_138' title='bbox 1350 1821 1611 1886; x_wconf 87' lang='lat' dir='ltr'><strong>ineunte</strong></span> <span class='ocrx_word' id='word_1_139' title='bbox 1676 1842 1760 1886; x_wconf 88' lang='lat' dir='ltr'><strong>m.</strong></span> <span class='ocrx_word' id='word_1_140' title='bbox 1801 1819 2149 1886; x_wconf 86' lang='lat' dir='ltr'><strong>Novembri</strong></span> <span class='ocrx_word' id='word_1_141' title='bbox 2214 1819 2457 1885; x_wconf 88' lang='lat' dir='ltr'><strong>editum</strong></span> <span class='ocrx_word' id='word_1_142' title='bbox 2498 1836 2641 1884; x_wconf 85' lang='lat' dir='ltr'><strong>esse</strong></span> 
     </span>
     <span class='ocr_line' id='line_1_17' title="bbox 347 1918 2641 2006; baseline -0 -22"><span class='ocrx_word' id='word_1_143' title='bbox 347 1938 533 1985; x_wconf 86' lang='lat' dir='ltr'><strong>nemo</strong></span> <span class='ocrx_word' id='word_1_144' title='bbox 597 1920 879 2003; x_wconf 83' lang='lat' dir='ltr'><strong>negabit.</strong></span> <span class='ocrx_word' id='word_1_145' title='bbox 926 1921 1079 1986; x_wconf 86' lang='lat' dir='ltr'><strong>fasti</strong></span> <span class='ocrx_word' id='word_1_146' title='bbox 1122 1920 1417 1986; x_wconf 87' lang='lat' dir='ltr'><strong>Antiates</strong></span> <span class='ocrx_word' id='word_1_147' title='bbox 1483 1923 1683 2006; x_wconf 81' lang='lat' dir='ltr'><strong>supra</strong></span> <span class='ocrx_word' id='word_1_148' title='bbox 1739 1921 2074 1987; x_wconf 86' lang='lat' dir='ltr'><strong>memorati</strong></span> <span class='ocrx_word' id='word_1_149' title='bbox 2125 1920 2299 1985; x_wconf 88' lang='lat' dir='ltr'><strong>diem</strong></span> <span class='ocrx_word' id='word_1_150' title='bbox 2362 1918 2641 1986; x_wconf 88' lang='lat' dir='ltr'><strong>natalem</strong></span> 
     </span>
     <span class='ocr_line' id='line_1_18' title="bbox 347 2019 2642 2105; baseline 0 -19"><span class='ocrx_word' id='word_1_151' title='bbox 347 2020 751 2105; x_wconf 83' lang='lat' dir='ltr'><strong>Agrippinae</strong></span> <span class='ocrx_word' id='word_1_152' title='bbox 778 2027 1064 2087; x_wconf 86' lang='lat' dir='ltr'><strong>statuunt</strong></span> <span class='ocrx_word' id='word_1_153' title='bbox 1110 2025 1164 2086; x_wconf 91' lang='grc'><strong>6.</strong></span> <span class='ocrx_word' id='word_1_154' title='bbox 1195 2022 1359 2088; x_wconf 89' lang='lat' dir='ltr'><strong>Nov.</strong></span> <span class='ocrx_word' id='word_1_155' title='bbox 1404 2031 1467 2088; x_wconf 89' lang='lat' dir='ltr'><strong>et</strong></span> <span class='ocrx_word' id='word_1_156' title='bbox 1507 2022 1767 2105; x_wconf 90' lang='lat' dir='ltr'><strong>quidem</strong></span> <span class='ocrx_word' id='word_1_157' title='bbox 1810 2022 2002 2105; x_wconf 90' lang='lat' dir='ltr'><strong>filiae,</strong></span> <span class='ocrx_word' id='word_1_158' title='bbox 2048 2041 2177 2087; x_wconf 91' lang='lat' dir='ltr'><strong>non</strong></span> <span class='ocrx_word' id='word_1_159' title='bbox 2199 2019 2442 2103; x_wconf 74' lang='lat' dir='ltr'><strong>matria,</strong></span> <span class='ocrx_word' id='word_1_160' title='bbox 2472 2019 2642 2103; x_wconf 89' lang='lat' dir='ltr'><strong>quod</strong></span> 
     </span>
     <span class='ocr_line' id='line_1_19' title="bbox 349 2119 2641 2207; baseline -0 -21"><span class='ocrx_word' id='word_1_161' title='bbox 349 2141 493 2186; x_wconf 90' lang='lat' dir='ltr'><strong>cum</strong></span> <span class='ocrx_word' id='word_1_162' title='bbox 536 2141 619 2186; x_wconf 85' lang='lat' dir='ltr'><strong>ex</strong></span> <span class='ocrx_word' id='word_1_163' title='bbox 646 2141 699 2185; x_wconf 91' lang='lat' dir='ltr'><strong>a.</strong></span> <span class='ocrx_word' id='word_1_164' title='bbox 749 2125 822 2185; x_wconf 87' lang='grc'><strong>51</strong></span> <span class='ocrx_word' id='word_1_165' title='bbox 870 2120 974 2188; x_wconf 93' lang='lat' dir='ltr'><strong>his</strong></span> <span class='ocrx_word' id='word_1_166' title='bbox 1006 2122 1192 2188; x_wconf 83' lang='lat' dir='ltr'><strong>fastis</strong></span> <span class='ocrx_word' id='word_1_167' title='bbox 1223 2122 1563 2189; x_wconf 88' lang='lat' dir='ltr'><strong>tribuendo</strong></span> <span class='ocrx_word' id='word_1_168' title='bbox 1612 2157 1690 2168; x_wconf 93' lang='lat'><strong>--</strong></span> <span class='ocrx_word' id='word_1_169' title='bbox 1738 2143 1863 2205; x_wconf 91' lang='lat' dir='ltr'><strong>quo</strong></span> <span class='ocrx_word' id='word_1_170' title='bbox 1886 2130 2171 2207; x_wconf 87' lang='lat' dir='ltr'><strong>tempore</strong></span> <span class='ocrx_word' id='word_1_171' title='bbox 2199 2121 2338 2186; x_wconf 88' lang='lat' dir='ltr'><strong>filia</strong></span> <span class='ocrx_word' id='word_1_172' title='bbox 2373 2119 2641 2187; x_wconf 86' lang='lat' dir='ltr'><strong>florebat</strong></span> 
     </span>
     <span class='ocr_line' id='line_1_20' title="bbox 350 2218 2642 2308; baseline -0 -21"><span class='ocrx_word' id='word_1_173' title='bbox 350 2257 426 2269; x_wconf 78' lang='grc'><strong>--</strong></span> <span class='ocrx_word' id='word_1_174' title='bbox 471 2228 603 2287; x_wconf 82' lang='lat' dir='ltr'><strong>tum</strong></span> <span class='ocrx_word' id='word_1_175' title='bbox 630 2221 909 2288; x_wconf 85' lang='lat' dir='ltr'><strong>maxime</strong></span> <span class='ocrx_word' id='word_1_176' title='bbox 931 2243 967 2287; x_wconf 87' lang='lat' dir='ltr'><strong>e</strong></span> <span class='ocrx_word' id='word_1_177' title='bbox 992 2222 1212 2288; x_wconf 88' lang='lat' dir='ltr'><strong>tabula</strong></span> <span class='ocrx_word' id='word_1_178' title='bbox 1242 2222 1449 2288; x_wconf 82' lang='lat' dir='ltr'><strong>arvali</strong></span> <span class='ocrx_word' id='word_1_179' title='bbox 1479 2222 1535 2306; x_wconf 82' lang='lat'><strong>⁵)</strong></span> <span class='ocrx_word' id='word_1_180' title='bbox 1578 2224 1733 2290; x_wconf 89' lang='lat' dir='ltr'><strong>anni</strong></span> <span class='ocrx_word' id='word_1_181' title='bbox 1764 2228 1840 2287; x_wconf 84' lang='lat'><strong>57</strong></span> <span class='ocrx_word' id='word_1_182' title='bbox 1890 2243 2094 2308; x_wconf 89' lang='lat' dir='ltr'><strong>nuper</strong></span> <span class='ocrx_word' id='word_1_183' title='bbox 2113 2233 2369 2306; x_wconf 86' lang='lat' dir='ltr'><strong>reperta</strong></span> <span class='ocrx_word' id='word_1_184' title='bbox 2412 2218 2642 2305; x_wconf 75' lang='lat' dir='ltr'><strong>cogno‘-</strong></span> 
     </span>
     <span class='ocr_line' id='line_1_21' title="bbox 346 2314 2640 2408; baseline 0 -20"><span class='ocrx_word' id='word_1_185' title='bbox 346 2322 564 2388; x_wconf 90' lang='lat' dir='ltr'><strong>scitur.</strong></span> <span class='ocrx_word' id='word_1_186' title='bbox 611 2323 827 2408; x_wconf 90' lang='lat' dir='ltr'><strong>prodit</strong></span> <span class='ocrx_word' id='word_1_187' title='bbox 870 2323 1043 2389; x_wconf 88' lang='lat' dir='ltr'><strong>enim</strong></span> <span class='ocrx_word' id='word_1_188' title='bbox 1085 2323 1245 2390; x_wconf 87' lang='lat' dir='ltr'><strong>haec</strong></span> <span class='ocrx_word' id='word_1_189' title='bbox 1290 2324 1511 2390; x_wconf 89' lang='lat' dir='ltr'><strong>tabula</strong></span> <span class='ocrx_word' id='word_1_190' title='bbox 1559 2324 1731 2390; x_wconf 91' lang='lat' dir='ltr'><strong>diem</strong></span> <span class='ocrx_word' id='word_1_191' title='bbox 1775 2331 1830 2391; x_wconf 87' lang='grc'><strong>6.</strong></span> <span class='ocrx_word' id='word_1_192' title='bbox 1872 2326 2033 2391; x_wconf 88' lang='lat' dir='ltr'><strong>Nov.</strong></span> <span class='ocrx_word' id='word_1_193' title='bbox 2087 2314 2367 2390; x_wconf 75' lang='lat' dir='ltr'><strong>natalem</strong></span> <span class='ocrx_word' id='word_1_194' title='bbox 2406 2322 2640 2407; x_wconf 87' lang='lat' dir='ltr'><strong>Agrip-</strong></span> 
     </span>
     <span class='ocr_line' id='line_1_22' title="bbox 347 2423 2644 2512; baseline -0 -22"><span class='ocrx_word' id='word_1_195' title='bbox 347 2423 542 2508; x_wconf 87' lang='lat' dir='ltr'><strong>pinae</strong></span> <span class='ocrx_word' id='word_1_196' title='bbox 587 2424 808 2491; x_wconf 89' lang='lat' dir='ltr'><strong>addito</strong></span> <span class='ocrx_word' id='word_1_197' title='bbox 851 2426 1180 2510; x_wconf 87' lang='lat' dir='ltr'><strong>Augustae</strong></span> <span class='ocrx_word' id='word_1_198' title='bbox 1240 2428 1637 2512; x_wconf 73' lang='lat' dir='ltr'><strong>cognomine,</strong></span> <span class='ocrx_word' id='word_1_199' title='bbox 1696 2427 1867 2510; x_wconf 88' lang='lat' dir='ltr'><strong>quod</strong></span> <span class='ocrx_word' id='word_1_200' title='bbox 1934 2445 2287 2512; x_wconf 88' lang='lat' dir='ltr'><strong>cognomen</strong></span> <span class='ocrx_word' id='word_1_201' title='bbox 2350 2431 2554 2491; x_wconf 88' lang='lat' dir='ltr'><strong>mater</strong></span> <span class='ocrx_word' id='word_1_202' title='bbox 2602 2444 2644 2489; x_wconf 87' lang='lat' dir='ltr'><strong>a</strong></span> 
     </span>
     <span class='ocr_line' id='line_1_23' title="bbox 348 2524 2641 2613; baseline 0 -23"><span class='ocrx_word' id='word_1_203' title='bbox 348 2524 612 2591; x_wconf 85' lang='lat' dir='ltr'><strong>Tiberio</strong></span> <span class='ocrx_word' id='word_1_204' title='bbox 669 2525 735 2590; x_wconf 89' lang='lat' dir='ltr'><strong>in</strong></span> <span class='ocrx_word' id='word_1_205' title='bbox 793 2526 1059 2593; x_wconf 83' lang='lat' dir='ltr'><strong>exilium</strong></span> <span class='ocrx_word' id='word_1_206' title='bbox 1119 2526 1387 2613; x_wconf 89' lang='lat' dir='ltr'><strong>depulsa</strong></span> <span class='ocrx_word' id='word_1_207' title='bbox 1444 2528 1664 2613; x_wconf 89' lang='lat' dir='ltr'><strong>ibique</strong></span> <span class='ocrx_word' id='word_1_208' title='bbox 1722 2550 1780 2594; x_wconf 88' lang='lat' dir='ltr'><strong>a.</strong></span> <span class='ocrx_word' id='word_1_209' title='bbox 1826 2534 1906 2593; x_wconf 87' lang='lat'><strong>33</strong></span> <span class='ocrx_word' id='word_1_210' title='bbox 1965 2536 2216 2594; x_wconf 84' lang='lat' dir='ltr'><strong>mortua</strong></span> <span class='ocrx_word' id='word_1_211' title='bbox 2258 2527 2308 2608; x_wconf 82' lang='lat'><strong>⁶)</strong></span> <span class='ocrx_word' id='word_1_212' title='bbox 2361 2525 2641 2608; x_wconf 89' lang='lat' dir='ltr'><strong>minime,</strong></span> 
     </span>
     <span class='ocr_line' id='line_1_24' title="bbox 347 2626 2642 2713; baseline -0 -22"><span class='ocrx_word' id='word_1_213' title='bbox 347 2632 417 2692; x_wconf 90' lang='lat' dir='ltr'><strong>at</strong></span> <span class='ocrx_word' id='word_1_214' title='bbox 450 2626 606 2710; x_wconf 87' lang='lat' dir='ltr'><strong>filia,</strong></span> <span class='ocrx_word' id='word_1_215' title='bbox 649 2633 989 2711; x_wconf 87' lang='lat' dir='ltr'><strong>postquam</strong></span> <span class='ocrx_word' id='word_1_216' title='bbox 1019 2627 1278 2693; x_wconf 80' lang='lat' dir='ltr'><strong>Claudii</strong></span> <span class='ocrx_word' id='word_1_217' title='bbox 1303 2648 1463 2694; x_wconf 82' lang='lat' dir='ltr'><strong>uxor</strong></span> <span class='ocrx_word' id='word_1_218' title='bbox 1486 2632 1661 2696; x_wconf 85' lang='lat' dir='ltr'><strong>facta</strong></span> <span class='ocrx_word' id='word_1_219' title='bbox 1703 2638 1819 2713; x_wconf 90' lang='lat' dir='ltr'><strong>est,</strong></span> <span class='ocrx_word' id='word_1_220' title='bbox 1864 2650 1920 2694; x_wconf 89' lang='lat' dir='ltr'><strong>a.</strong></span> <span class='ocrx_word' id='word_1_221' title='bbox 1955 2633 2034 2693; x_wconf 82' lang='lat'><strong>50</strong></span> <span class='ocrx_word' id='word_1_222' title='bbox 2065 2627 2315 2713; x_wconf 87' lang='lat' dir='ltr'><strong>accepit</strong></span> <span class='ocrx_word' id='word_1_223' title='bbox 2335 2626 2403 2709; x_wconf 83' lang='lat'><strong>⁷).</strong></span> <span class='ocrx_word' id='word_1_224' title='bbox 2444 2644 2642 2709; x_wconf 87' lang='lat' dir='ltr'><strong>quare</strong></span> 
     </span>
     <span class='ocr_line' id='line_1_25' title="bbox 347 2724 2645 2813; baseline -0.001 -20"><span class='ocrx_word' id='word_1_225' title='bbox 347 2746 491 2793; x_wconf 89' lang='lat' dir='ltr'><strong>cum</strong></span> <span class='ocrx_word' id='word_1_226' title='bbox 542 2726 850 2793; x_wconf 89' lang='lat' dir='ltr'><strong>Ubiorum</strong></span> <span class='ocrx_word' id='word_1_227' title='bbox 892 2727 1197 2813; x_wconf 92' lang='lat' dir='ltr'><strong>oppidum</strong></span> <span class='ocrx_word' id='word_1_228' title='bbox 1246 2731 1462 2795; x_wconf 87' lang='lat' dir='ltr'><strong>natale</strong></span> <span class='ocrx_word' id='word_1_229' title='bbox 1504 2731 1713 2797; x_wconf 91' lang='lat' dir='ltr'><strong>solum</strong></span> <span class='ocrx_word' id='word_1_230' title='bbox 1757 2730 1897 2797; x_wconf 88' lang='lat' dir='ltr'><strong>eius</strong></span> <span class='ocrx_word' id='word_1_231' title='bbox 1918 2728 2078 2796; x_wconf 88' lang='lat' dir='ltr'><strong>satis</strong></span> <span class='ocrx_word' id='word_1_232' title='bbox 2124 2734 2370 2795; x_wconf 88' lang='lat' dir='ltr'><strong>constet</strong></span> <span class='ocrx_word' id='word_1_233' title='bbox 2409 2727 2477 2808; x_wconf 80' lang='lat'><strong>⁸),</strong></span> <span class='ocrx_word' id='word_1_234' title='bbox 2522 2724 2645 2791; x_wconf 91' lang='lat' dir='ltr'><strong>hoc</strong></span> 
     </span>
     <span class='ocr_line' id='line_1_26' title="bbox 347 2825 2640 2916; baseline -0.002 -23"><span class='ocrx_word' id='word_1_235' title='bbox 347 2828 625 2914; x_wconf 91' lang='lat' dir='ltr'><strong>primum</strong></span> <span class='ocrx_word' id='word_1_236' title='bbox 666 2848 705 2892; x_wconf 89' lang='lat' dir='ltr'><strong>a</strong></span> <span class='ocrx_word' id='word_1_237' title='bbox 761 2827 947 2894; x_wconf 91' lang='lat' dir='ltr'><strong>nobis</strong></span> <span class='ocrx_word' id='word_1_238' title='bbox 1006 2828 1506 2896; x_wconf 87' lang='lat' dir='ltr'><strong>demonstratum</strong></span> <span class='ocrx_word' id='word_1_239' title='bbox 1576 2838 1675 2897; x_wconf 87' lang='lat' dir='ltr'><strong>est</strong></span> <span class='ocrx_word' id='word_1_240' title='bbox 1729 2830 2159 2916; x_wconf 87' lang='lat' dir='ltr'><strong>Agrippinam</strong></span> <span class='ocrx_word' id='word_1_241' title='bbox 2216 2828 2418 2893; x_wconf 84' lang='lat' dir='ltr'><strong>filiam</strong></span> <span class='ocrx_word' id='word_1_242' title='bbox 2478 2825 2539 2891; x_wconf 90' lang='lat' dir='ltr'><strong>d.</strong></span> <span class='ocrx_word' id='word_1_243' title='bbox 2584 2829 2640 2889; x_wconf 87' lang='lat'><strong>6.</strong></span> 
     </span>
     <span class='ocr_line' id='line_1_27' title="bbox 347 2925 2643 3015; baseline -0.001 -21"><span class='ocrx_word' id='word_1_244' title='bbox 347 2929 507 2995; x_wconf 75' lang='lat' dir='ltr'><strong>NoV.</strong></span> <span class='ocrx_word' id='word_1_245' title='bbox 556 2949 610 2994; x_wconf 90' lang='lat' dir='ltr'><strong>a.</strong></span> <span class='ocrx_word' id='word_1_246' title='bbox 662 2930 739 2992; x_wconf 83' lang='lat'><strong>14</strong></span> <span class='ocrx_word' id='word_1_247' title='bbox 785 2928 855 2995; x_wconf 91' lang='lat' dir='ltr'><strong>in</strong></span> <span class='ocrx_word' id='word_1_248' title='bbox 899 2928 1140 3015; x_wconf 88' lang='lat' dir='ltr'><strong>oppido</strong></span> <span class='ocrx_word' id='word_1_249' title='bbox 1178 2929 1489 2996; x_wconf 87' lang='lat' dir='ltr'><strong>Ubiorum</strong></span> <span class='ocrx_word' id='word_1_250' title='bbox 1531 2938 1749 2996; x_wconf 88' lang='lat' dir='ltr'><strong>natam</strong></span> <span class='ocrx_word' id='word_1_251' title='bbox 1793 2950 1953 2996; x_wconf 89' lang='lat' dir='ltr'><strong>esse.</strong></span> <span class='ocrx_word' id='word_1_252' title='bbox 2012 2929 2288 3012; x_wconf 87' lang='lat' dir='ltr'><strong>denique</strong></span> <span class='ocrx_word' id='word_1_253' title='bbox 2343 2926 2515 3010; x_wconf 89' lang='lat' dir='ltr'><strong>quod</strong></span> <span class='ocrx_word' id='word_1_254' title='bbox 2558 2925 2643 2991; x_wconf 87' lang='lat' dir='ltr'><strong>ad</strong></span> 
     </span>
     <span class='ocr_line' id='line_1_28' title="bbox 348 3020 2637 3122; baseline -0.002 -27"><span class='ocrx_word' id='word_1_255' title='bbox 348 3028 807 3095; x_wconf 88' lang='lat' dir='ltr'><strong>Suetonianum</strong></span> <span class='ocrx_word' id='word_1_256' title='bbox 851 3029 1012 3095; x_wconf 92' lang='lat' dir='ltr'><strong>illud</strong></span> <span class='ocrx_word' id='word_1_257' title='bbox 1055 3030 1443 3120; x_wconf 72' lang='lat' dir='ltr'><strong>tcontinuum</strong></span> <span class='ocrx_word' id='word_1_258' title='bbox 1487 3020 1855 3098; x_wconf 83' lang='lat' dir='ltr'><strong>triennium&#39;</strong></span> <span class='ocrx_word' id='word_1_259' title='bbox 1900 3030 2148 3122; x_wconf 86' lang='lat' dir='ltr'><strong>attinet,</strong></span> <span class='ocrx_word' id='word_1_260' title='bbox 2193 3028 2344 3094; x_wconf 90' lang='lat' dir='ltr'><strong>inde</strong></span> <span class='ocrx_word' id='word_1_261' title='bbox 2388 3047 2444 3092; x_wconf 89' lang='lat' dir='ltr'><strong>a.</strong></span> <span class='ocrx_word' id='word_1_262' title='bbox 2491 3026 2552 3092; x_wconf 90' lang='lat' dir='ltr'><strong>d.</strong></span> <span class='ocrx_word' id='word_1_263' title='bbox 2583 3030 2637 3092; x_wconf 88' lang='lat'><strong>6.</strong></span> 
     </span>
     <span class='ocr_line' id='line_1_29' title="bbox 348 3127 2642 3212; baseline -0.001 -17"><span class='ocrx_word' id='word_1_264' title='bbox 348 3130 509 3196; x_wconf 79' lang='lat' dir='ltr'><strong>Nov.</strong></span> <span class='ocrx_word' id='word_1_265' title='bbox 555 3149 609 3194; x_wconf 90' lang='lat' dir='ltr'><strong>a.</strong></span> <span class='ocrx_word' id='word_1_266' title='bbox 663 3133 737 3192; x_wconf 87' lang='lat'><strong>14</strong></span> <span class='ocrx_word' id='word_1_267' title='bbox 784 3148 986 3212; x_wconf 88' lang='lat' dir='ltr'><strong>usque</strong></span> <span class='ocrx_word' id='word_1_268' title='bbox 1028 3129 1114 3199; x_wconf 84' lang='lat' dir='ltr'><strong>ad</strong></span> <span class='ocrx_word' id='word_1_269' title='bbox 1158 3130 1413 3196; x_wconf 89' lang='lat' dir='ltr'><strong>initium</strong></span> <span class='ocrx_word' id='word_1_270' title='bbox 1468 3151 1525 3195; x_wconf 89' lang='lat' dir='ltr'><strong>a.</strong></span> <span class='ocrx_word' id='word_1_271' title='bbox 1576 3136 1649 3193; x_wconf 87' lang='grc'><strong>18</strong></span> <span class='ocrx_word' id='word_1_272' title='bbox 1694 3167 1774 3176; x_wconf 87' lang='grc'><strong>-</strong></span> <span class='ocrx_word' id='word_1_273' title='bbox 1818 3138 2068 3197; x_wconf 89' lang='lat' dir='ltr'><strong>tantum</strong></span> <span class='ocrx_word' id='word_1_274' title='bbox 2110 3129 2282 3195; x_wconf 88' lang='lat' dir='ltr'><strong>enim</strong></span> <span class='ocrx_word' id='word_1_275' title='bbox 2322 3127 2642 3193; x_wconf 84' lang='lat' dir='ltr'><strong>maximae</strong></span> 
     </span>
     <span class='ocr_line' id='line_1_30' title="bbox 347 3228 2636 3299; baseline -0.002 -3"><span class='ocrx_word' id='word_1_276' title='bbox 347 3238 413 3297; x_wconf 90' lang='lat' dir='ltr'><strong>et</strong></span> <span class='ocrx_word' id='word_1_277' title='bbox 453 3230 757 3296; x_wconf 88' lang='lat' dir='ltr'><strong>minimae</strong></span> <span class='ocrx_word' id='word_1_278' title='bbox 803 3239 956 3297; x_wconf 87' lang='lat' dir='ltr'><strong>natu</strong></span> <span class='ocrx_word' id='word_1_279' title='bbox 1000 3231 1275 3299; x_wconf 85' lang='lat' dir='ltr'><strong>filiarum</strong></span> <span class='ocrx_word' id='word_1_280' title='bbox 1304 3232 1617 3298; x_wconf 87' lang='lat' dir='ltr'><strong>natalicia</strong></span> <span class='ocrx_word' id='word_1_281' title='bbox 1661 3232 1826 3298; x_wconf 86' lang='lat' dir='ltr'><strong>inter</strong></span> <span class='ocrx_word' id='word_1_282' title='bbox 1869 3252 1940 3299; x_wconf 91' lang='lat' dir='ltr'><strong>se</strong></span> <span class='ocrx_word' id='word_1_283' title='bbox 1967 3232 2212 3297; x_wconf 86' lang='lat' dir='ltr'><strong>distant</strong></span> <span class='ocrx_word' id='word_1_284' title='bbox 2254 3265 2331 3276; x_wconf 89' lang='lat'>—</span> <span class='ocrx_word' id='word_1_285' title='bbox 2378 3228 2435 3294; x_wconf 91' lang='lat' dir='ltr'><strong>si</strong></span> <span class='ocrx_word' id='word_1_286' title='bbox 2482 3234 2636 3295; x_wconf 88' lang='lat' dir='ltr'><strong>tem·</strong></span> 
     </span>
     <span class='ocr_line' id='line_1_31' title="bbox 347 3328 2640 3419; baseline -0 -24"><span class='ocrx_word' id='word_1_287' title='bbox 347 3349 508 3415; x_wconf 87' lang='lat' dir='ltr'><strong>pora</strong></span> <span class='ocrx_word' id='word_1_288' title='bbox 550 3332 1148 3416; x_wconf 85' lang='lat' dir='ltr'><strong>computaverimus,</strong></span> <span class='ocrx_word' id='word_1_289' title='bbox 1192 3341 1324 3398; x_wconf 85' lang='lat' dir='ltr'><strong>tres</strong></span> <span class='ocrx_word' id='word_1_290' title='bbox 1367 3334 1594 3419; x_wconf 86' lang='lat' dir='ltr'><strong>plenos</strong></span> <span class='ocrx_word' id='word_1_291' title='bbox 1626 3340 1690 3399; x_wconf 89' lang='lat' dir='ltr'><strong>et</strong></span> <span class='ocrx_word' id='word_1_292' title='bbox 1734 3332 1922 3399; x_wconf 89' lang='lat' dir='ltr'><strong>unius</strong></span> <span class='ocrx_word' id='word_1_293' title='bbox 1966 3331 2121 3397; x_wconf 89' lang='lat' dir='ltr'><strong>anni</strong></span> <span class='ocrx_word' id='word_1_294' title='bbox 2163 3337 2412 3417; x_wconf 83' lang='lat' dir='ltr'><strong>partem</strong></span> <span class='ocrx_word' id='word_1_295' title='bbox 2449 3328 2640 3395; x_wconf 88' lang='lat' dir='ltr'><strong>habe-</strong></span> 
     </span>
     <span class='ocr_line' id='line_1_32' title="bbox 347 3430 2646 3517; baseline -0.001 -20"><span class='ocrx_word' id='word_1_296' title='bbox 347 3430 561 3497; x_wconf 89' lang='lat' dir='ltr'><strong>bimus</strong></span> <span class='ocrx_word' id='word_1_297' title='bbox 601 3438 734 3496; x_wconf 89' lang='lat' dir='ltr'><strong>tam</strong></span> <span class='ocrx_word' id='word_1_298' title='bbox 777 3432 1099 3517; x_wconf 86' lang='lat' dir='ltr'><strong>exiguam,</strong></span> <span class='ocrx_word' id='word_1_299' title='bbox 1145 3434 1326 3500; x_wconf 88' lang='lat' dir='ltr'><strong>cuius</strong></span> <span class='ocrx_word' id='word_1_300' title='bbox 1371 3434 1543 3517; x_wconf 91' lang='lat' dir='ltr'><strong>quod</strong></span> <span class='ocrx_word' id='word_1_301' title='bbox 1588 3433 1931 3511; x_wconf 86' lang='lat' dir='ltr'><strong>Suetonius</strong></span> <span class='ocrx_word' id='word_1_302' title='bbox 1976 3431 2362 3499; x_wconf 88' lang='lat' dir='ltr'><strong>mentionem</strong></span> <span class='ocrx_word' id='word_1_303' title='bbox 2405 3430 2646 3496; x_wconf 86' lang='lat' dir='ltr'><strong>nullam</strong></span> 
     </span>
     <span class='ocr_line' id='line_1_33' title="bbox 349 3533 1074 3617; baseline 0.003 -20"><span class='ocrx_word' id='word_1_304' title='bbox 349 3533 591 3617; x_wconf 84' lang='lat' dir='ltr'><strong>fecerit,</strong></span> <span class='ocrx_word' id='word_1_305' title='bbox 634 3553 761 3599; x_wconf 87' lang='lat' dir='ltr'><strong>non</strong></span> <span class='ocrx_word' id='word_1_306' title='bbox 803 3534 1074 3601; x_wconf 88' lang='lat' dir='ltr'><strong>mireris.</strong></span> 
     </span>
    </p>

    <p class='ocr_par' dir='ltr' id='par_1_4' title="bbox 350 3632 2645 4021">
     <span class='ocr_line' id='line_1_34' title="bbox 548 3632 2645 3718; baseline -0.001 -19"><span class='ocrx_word' id='word_1_307' title='bbox 548 3633 687 3711; x_wconf 81' lang='lat' dir='ltr'><strong>Quo</strong></span> <span class='ocrx_word' id='word_1_308' title='bbox 742 3652 910 3700; x_wconf 88' lang='lat' dir='ltr'><strong>anno</strong></span> <span class='ocrx_word' id='word_1_309' title='bbox 963 3635 1255 3701; x_wconf 84' lang='lat' dir='ltr'><strong>Drusilla</strong></span> <span class='ocrx_word' id='word_1_310' title='bbox 1303 3642 1460 3700; x_wconf 87' lang='lat' dir='ltr'><strong>nata</strong></span> <span class='ocrx_word' id='word_1_311' title='bbox 1515 3635 1618 3718; x_wconf 83' lang='lat' dir='ltr'><strong>sit,</strong></span> <span class='ocrx_word' id='word_1_312' title='bbox 1679 3635 1737 3701; x_wconf 91' lang='lat' dir='ltr'><strong>si</strong></span> <span class='ocrx_word' id='word_1_313' title='bbox 1781 3634 2057 3717; x_wconf 86' lang='lat' dir='ltr'><strong>quaeris,</strong></span> <span class='ocrx_word' id='word_1_314' title='bbox 2120 3652 2261 3699; x_wconf 86' lang='lat' dir='ltr'><strong>eum</strong></span> <span class='ocrx_word' id='word_1_315' title='bbox 2322 3633 2530 3717; x_wconf 88' lang='lat' dir='ltr'><strong>ipsam</strong></span> <span class='ocrx_word' id='word_1_316' title='bbox 2576 3632 2645 3697; x_wconf 89' lang='lat' dir='ltr'><strong>in</strong></span> 
     </span>
     <span class='ocr_line' id='line_1_35' title="bbox 350 3734 2642 3821; baseline -0.002 -19"><span class='ocrx_word' id='word_1_317' title='bbox 350 3734 664 3802; x_wconf 81' lang='lat' dir='ltr'><strong>Rhenana</strong></span> <span class='ocrx_word' id='word_1_318' title='bbox 709 3737 971 3819; x_wconf 87' lang='lat' dir='ltr'><strong>regione</strong></span> <span class='ocrx_word' id='word_1_319' title='bbox 1026 3741 1276 3821; x_wconf 81' lang='lat' dir='ltr'><strong>partam</strong></span> <span class='ocrx_word' id='word_1_320' title='bbox 1334 3743 1398 3801; x_wconf 89' lang='lat' dir='ltr'><strong>et</strong></span> <span class='ocrx_word' id='word_1_321' title='bbox 1458 3735 1908 3801; x_wconf 86' lang='lat' dir='ltr'><strong>Germanicum</strong></span> <span class='ocrx_word' id='word_1_322' title='bbox 1967 3743 2214 3820; x_wconf 87' lang='lat' dir='ltr'><strong>patrem</strong></span> <span class='ocrx_word' id='word_1_323' title='bbox 2270 3739 2544 3799; x_wconf 85' lang='lat' dir='ltr'><strong>exeunte</strong></span> <span class='ocrx_word' id='word_1_324' title='bbox 2583 3752 2642 3798; x_wconf 87' lang='lat' dir='ltr'><strong>a.</strong></span> 
     </span>
     <span class='ocr_line' id='line_1_36' title="bbox 357 3832 2641 3918; baseline -0.001 -19"><span class='ocrx_word' id='word_1_325' title='bbox 357 3839 430 3899; x_wconf 89' lang='grc'><strong>16</strong></span> <span class='ocrx_word' id='word_1_326' title='bbox 475 3855 512 3901; x_wconf 89' lang='lat' dir='ltr'><strong>e</strong></span> <span class='ocrx_word' id='word_1_327' title='bbox 556 3834 907 3901; x_wconf 80' lang='lat' dir='ltr'><strong>Germania</strong></span> <span class='ocrx_word' id='word_1_328' title='bbox 963 3837 1230 3901; x_wconf 87' lang='lat' dir='ltr'><strong>Romam</strong></span> <span class='ocrx_word' id='word_1_329' title='bbox 1287 3843 1652 3903; x_wconf 79' lang='lat' dir='ltr'><strong>revocatum</strong></span> <span class='ocrx_word' id='word_1_330' title='bbox 1719 3855 1862 3901; x_wconf 88' lang='lat' dir='ltr'><strong>esse</strong></span> <span class='ocrx_word' id='word_1_331' title='bbox 1919 3841 2183 3917; x_wconf 86' lang='lat' dir='ltr'><strong>constet,</strong></span> <span class='ocrx_word' id='word_1_332' title='bbox 2248 3840 2360 3899; x_wconf 87' lang='lat' dir='ltr'><strong>aut</strong></span> <span class='ocrx_word' id='word_1_333' title='bbox 2402 3832 2546 3918; x_wconf 88' lang='lat' dir='ltr'><strong>ipso</strong></span> <span class='ocrx_word' id='word_1_334' title='bbox 2584 3852 2641 3897; x_wconf 84' lang='lat' dir='ltr'><strong>a.</strong></span> 
     </span>
     <span class='ocr_line' id='line_1_37' title="bbox 356 3932 2642 4021; baseline -0 -21"><span class='ocrx_word' id='word_1_335' title='bbox 356 3940 432 4000; x_wconf 88' lang='grc'><strong>16</strong></span> <span class='ocrx_word' id='word_1_336' title='bbox 475 3942 588 4001; x_wconf 87' lang='lat' dir='ltr'><strong>aut</strong></span> <span class='ocrx_word' id='word_1_337' title='bbox 629 3936 956 4021; x_wconf 87' lang='lat' dir='ltr'><strong>superiore</strong></span> <span class='ocrx_word' id='word_1_338' title='bbox 1006 3940 1080 3999; x_wconf 85' lang='lat'><strong>15</strong></span> <span class='ocrx_word' id='word_1_339' title='bbox 1127 3936 1346 4020; x_wconf 88' lang='lat' dir='ltr'><strong>genita</strong></span> <span class='ocrx_word' id='word_1_340' title='bbox 1393 3944 1507 4016; x_wconf 87' lang='lat' dir='ltr'><strong>est,</strong></span> <span class='ocrx_word' id='word_1_341' title='bbox 1581 3944 1646 4002; x_wconf 90' lang='lat' dir='ltr'><strong>et</strong></span> <span class='ocrx_word' id='word_1_342' title='bbox 1689 3936 1748 4001; x_wconf 88' lang='lat' dir='ltr'><strong>si</strong></span> <span class='ocrx_word' id='word_1_343' title='bbox 1794 3936 1863 4001; x_wconf 92' lang='lat' dir='ltr'><strong>in</strong></span> <span class='ocrx_word' id='word_1_344' title='bbox 1907 3955 1963 4000; x_wconf 88' lang='lat' dir='ltr'><strong>a.</strong></span> <span class='ocrx_word' id='word_1_345' title='bbox 2016 3939 2093 3998; x_wconf 85' lang='lat'><strong>15</strong></span> <span class='ocrx_word' id='word_1_346' title='bbox 2136 3933 2506 4000; x_wconf 87' lang='lat' dir='ltr'><strong>testimonia</strong></span> <span class='ocrx_word' id='word_1_347' title='bbox 2548 3932 2642 3999; x_wconf 89' lang='lat' dir='ltr'><strong>in·</strong></span> 
     </span>
    </p>
   </div>
   <div class='ocr_carea' id='block_1_3' title="bbox 349 4091 595 4100">
    <p class='ocr_par' dir='ltr' id='par_1_5' title="bbox 349 4091 595 4100">
     <span class='ocr_line' id='line_1_38' title="bbox 349 4091 595 4100; baseline 0 813"><span class='ocrx_word' id='word_1_348' title='bbox 349 4091 595 4100; x_wconf 95' lang='lat' dir='ltr'><strong> </strong></span> 
     </span>
    </p>
   </div>
   <div class='ocr_carea' id='block_1_4' title="bbox 550 4168 2588 4503">
    <p class='ocr_par' dir='ltr' id='par_1_6' title="bbox 552 4168 2487 4240">
     <span class='ocr_line' id='line_1_39' title="bbox 552 4168 2487 4240; baseline -0.004 -14"><span class='ocrx_word' id='word_1_349' title='bbox 552 4176 603 4239; x_wconf 88' lang='lat'><strong>1)</strong></span> <span class='ocrx_word' id='word_1_350' title='bbox 644 4172 796 4226; x_wconf 82' lang='lat' dir='ltr'><strong>Suet.</strong></span> <span class='ocrx_word' id='word_1_351' title='bbox 837 4170 1009 4240; x_wconf 79' lang='lat' dir='ltr'><strong>Calig.</strong></span> <span class='ocrx_word' id='word_1_352' title='bbox 1046 4174 1094 4225; x_wconf 87' lang='lat'><strong>8.</strong></span> <span class='ocrx_word' id='word_1_353' title='bbox 1296 4172 1352 4240; x_wconf 71' lang='lat'><strong>2)</strong></span> <span class='ocrx_word' id='word_1_354' title='bbox 1387 4189 1435 4226; x_wconf 80' lang='lat' dir='ltr'><strong>a.</strong></span> <span class='ocrx_word' id='word_1_355' title='bbox 1480 4172 1520 4227; x_wconf 88' lang='lat'><strong>1.</strong></span> <span class='ocrx_word' id='word_1_356' title='bbox 1555 4175 1643 4235; x_wconf 82' lang='lat'><strong>40,</strong></span> <span class='ocrx_word' id='word_1_357' title='bbox 1680 4174 1762 4226; x_wconf 83' lang='lat'><strong>44.</strong></span> <span class='ocrx_word' id='word_1_358' title='bbox 1967 4173 2020 4240; x_wconf 79' lang='lat'><strong>3)</strong></span> <span class='ocrx_word' id='word_1_359' title='bbox 2057 4170 2187 4225; x_wconf 84' lang='lat' dir='ltr'><strong>Tac.</strong></span> <span class='ocrx_word' id='word_1_360' title='bbox 2232 4186 2280 4222; x_wconf 82' lang='lat' dir='ltr'><strong>a.</strong></span> <span class='ocrx_word' id='word_1_361' title='bbox 2317 4168 2357 4223; x_wconf 91' lang='lat'><strong>1.</strong></span> <span class='ocrx_word' id='word_1_362' title='bbox 2399 4170 2487 4223; x_wconf 81' lang='grc'><strong>8-1.</strong></span> 
     </span>
    </p>

    <p class='ocr_par' dir='ltr' id='par_1_7' title="bbox 550 4258 2588 4420">
     <span class='ocr_line' id='line_1_40' title="bbox 550 4258 2588 4330; baseline -0.002 -17"><span class='ocrx_word' id='word_1_363' title='bbox 550 4263 605 4325; x_wconf 80' lang='lat'><strong>4)</strong></span> <span class='ocrx_word' id='word_1_364' title='bbox 641 4259 805 4320; x_wconf 83' lang='lat' dir='ltr'><strong>Zech.</strong></span> <span class='ocrx_word' id='word_1_365' title='bbox 843 4258 934 4313; x_wconf 88' lang='lat' dir='ltr'><strong>die</strong></span> <span class='ocrx_word' id='word_1_366' title='bbox 968 4259 1332 4330; x_wconf 78' lang='lat' dir='ltr'><strong>wichtigeren</strong></span> <span class='ocrx_word' id='word_1_367' title='bbox 1370 4259 1746 4318; x_wconf 79' lang='lat' dir='ltr'><strong>Finsternisse</strong></span> <span class='ocrx_word' id='word_1_368' title='bbox 1783 4260 1879 4315; x_wconf 83' lang='lat' dir='ltr'><strong>des</strong></span> <span class='ocrx_word' id='word_1_369' title='bbox 1918 4259 2265 4314; x_wconf 75' lang='lat' dir='ltr'><strong>Alterthnms</strong></span> <span class='ocrx_word' id='word_1_370' title='bbox 2299 4274 2354 4326; x_wconf 87' lang='lat' dir='ltr'><strong>p.</strong></span> <span class='ocrx_word' id='word_1_371' title='bbox 2382 4258 2468 4323; x_wconf 73' lang='lat'><strong>35,</strong></span> <span class='ocrx_word' id='word_1_372' title='bbox 2499 4259 2588 4310; x_wconf 75' lang='lat'><strong>51.</strong></span> 
     </span>
     <span class='ocr_line' id='line_1_41' title="bbox 550 4346 1650 4420; baseline 0.005 -21"><span class='ocrx_word' id='word_1_373' title='bbox 550 4346 606 4413; x_wconf 85' lang='lat'><strong>5)</strong></span> <span class='ocrx_word' id='word_1_374' title='bbox 641 4346 924 4400; x_wconf 71' lang='lat' dir='ltr'><strong>Bullatino</strong></span> <span class='ocrx_word' id='word_1_375' title='bbox 959 4346 1086 4402; x_wconf 72' lang='lat' dir='ltr'><strong>dell·</strong></span> <span class='ocrx_word' id='word_1_376' title='bbox 1123 4348 1254 4404; x_wconf 85' lang='lat' dir='ltr'><strong>inst.</strong></span> <span class='ocrx_word' id='word_1_377' title='bbox 1298 4349 1452 4415; x_wconf 74' lang='lat'><strong>1869,</strong></span> <span class='ocrx_word' id='word_1_378' title='bbox 1484 4368 1541 4420; x_wconf 87' lang='lat' dir='ltr'><strong>p.</strong></span> <span class='ocrx_word' id='word_1_379' title='bbox 1563 4353 1650 4404; x_wconf 81' lang='grc'><strong>88.</strong></span> 
     </span>
    </p>

    <p class='ocr_par' dir='ltr' id='par_1_8' title="bbox 552 4431 2394 4503">
     <span class='ocr_line' id='line_1_42' title="bbox 552 4431 2394 4503; baseline 0 -16"><span class='ocrx_word' id='word_1_380' title='bbox 552 4433 608 4502; x_wconf 85' lang='grc'><strong>6)</strong></span> <span class='ocrx_word' id='word_1_381' title='bbox 644 4432 773 4488; x_wconf 85' lang='lat' dir='ltr'><strong>Tac.</strong></span> <span class='ocrx_word' id='word_1_382' title='bbox 815 4450 863 4489; x_wconf 74' lang='lat' dir='ltr'><strong>a.</strong></span> <span class='ocrx_word' id='word_1_383' title='bbox 902 4431 994 4490; x_wconf 84' lang='lat' dir='ltr'><strong>VI.</strong></span> <span class='ocrx_word' id='word_1_384' title='bbox 1035 4436 1120 4489; x_wconf 80' lang='lat'><strong>25.</strong></span> <span class='ocrx_word' id='word_1_385' title='bbox 1324 4440 1377 4502; x_wconf 87' lang='grc'><strong>7)</strong></span> <span class='ocrx_word' id='word_1_386' title='bbox 1415 4452 1464 4490; x_wconf 80' lang='lat' dir='ltr'><strong>a.</strong></span> <span class='ocrx_word' id='word_1_387' title='bbox 1501 4435 1621 4493; x_wconf 87' lang='lat' dir='ltr'><strong>XII.</strong></span> <span class='ocrx_word' id='word_1_388' title='bbox 1666 4438 1751 4491; x_wconf 85' lang='lat'><strong>26.</strong></span> <span class='ocrx_word' id='word_1_389' title='bbox 1954 4438 2007 4503; x_wconf 88' lang='grc'><strong>8)</strong></span> <span class='ocrx_word' id='word_1_390' title='bbox 2051 4451 2098 4489; x_wconf 82' lang='lat' dir='ltr'><strong>a.</strong></span> <span class='ocrx_word' id='word_1_391' title='bbox 2145 4432 2269 4489; x_wconf 81' lang='lat' dir='ltr'><strong>X11.</strong></span> <span class='ocrx_word' id='word_1_392' title='bbox 2310 4434 2394 4487; x_wconf 71' lang='lat'><strong>27.</strong></span> 
     </span>
    </p>
   </div>
  </div>
 </body>
</html>
