3037 4913
1537 251 1600 308 15

417 424 744 508 legionum
800 422 1098 489 eductum
1156 443 1318 489 esse.
1372 430 1444 489 at
1496 422 1650 489 inde
1702 443 1739 487 6
1789 422 1898 488 (116
1957 427 2052 486 19.
2110 423 2273 505 Aug.
2331 442 2388 487 a.
2435 425 2530 505 14,
2590 441 2716 504 quo

420 525 746 607 Augustus
769 524 906 589 vita
935 523 1227 601 decessit,
1274 524 1329 588 si
1356 522 1867 605 quattuordecim
1912 522 2166 588 circiter
2209 520 2348 588 dies
2394 529 2715 608 computae

424 624 644 706 verim,
689 643 816 705 quo
857 624 1222 689 intermisso
1265 623 1573 706 temporis
1617 623 1828 707 spatio
1877 631 1940 688 61
1983 622 2272 707 legiones
2297 622 2719 691 Germanicae

423 722 505 789 de
569 730 772 790 morte
833 724 1237 809 imperatoris
1282 723 1586 789 certiores
1653 723 1863 789 factae
1906 722 2222 789 rebellare
2267 731 2609 809 coeperant
2657 733 2722 789 et

426 822 846 891 Germanicus
889 830 1024 888 tum
1063 823 1131 888 in
1153 824 1374 906 Belgis
1415 831 1838 907 commoratus
1887 822 1992 901 (cf.
2037 824 2193 888 Tac.
2237 825 2269 887 I
2316 821 2426 907 34)
2465 825 2720 890 rebelli-

425 924 566 991 onis
632 925 924 991 nuntium
988 924 1252 1007 accepit,
1322 925 1510 1008 longe
1578 931 1725 1008 post
1785 923 2101 989 kalendas
2144 923 2317 1008 Sept.
2364 923 2599 989 Gaium
2653 925 2721 988 in

425 1032 639 1093 castra
678 1025 952 1109 primum
995 1024 1334 1090 advenisse
1395 1034 1683 1109 apparet,
1748 1032 1811 1090 et
1855 1024 2235 1090 discessisse
2279 1024 2365 1089 ad
2406 1025 2720 1092 Treveros

426 1125 548 1190 1106
608 1125 751 1208 ipso
797 1125 900 1189 vel
943 1125 1202 1190 ineunte
1253 1145 1470 1191 mense
1517 1124 1653 1191 Oct.
1701 1124 1849 1190 inde
1902 1125 2333 1208 colligendum
2376 1133 2490 1208 est,
2552 1126 2723 1208 quod

428 1226 558 1291 iam
602 1225 809 1290 hiems
851 1225 1227 1292 imminebat
1275 1246 1483 1309 neque
1526 1227 1618 1291 ita
1663 1227 1862 1290 multo
1904 1232 2049 1309 post
2099 1226 2326 1291 eodem
2367 1247 2535 1292 anno
2581 1226 2720 1291 bre·

346 1328 349 1333 '
427 1326 527 1393 vis
575 1345 879 1392 excursus
925 1326 988 1390 in
1035 1326 1449 1392 Germaniam
1491 1327 1698 1392 factus
1741 1334 1855 1391 est.
1923 1325 2091 1391 unde
2136 1327 2306 1392 ultra
2346 1326 2722 1392 vicesimum

429 1424 600 1489 diem
642 1446 908 1509 puerum
938 1434 1071 1491 tum
1100 1425 1358 1508 quidem
1401 1427 1574 1511 apud
1618 1427 1907 1509 legiones
1938 1436 2392 1494 commoratum
2422 1447 2550 1493 non
2580 1446 2722 1493 esse

427 1526 651 1591 6111661.
701 1528 800 1593 his
855 1528 1160 1595 dilucidis
1217 1530 1406 1596 factis
1468 1531 1762 1595 conferas
1810 1532 2109 1596 Tacitea:
2195 1532 2261 1596 in
2306 1530 2722 1598 contubernio

427 1626 753 1710 legionum
814 1621 1101 1695 eductus’
1157 1651 1299 1696 cum
1356 1632 1858 1748 accuratioribus
1920 1632 2151 1696 Dionis
2195 1633 2439 1698 verbis:
2518 1629 2586 1695 ἐν
2630 1632 2724 1716 τῷ

426 1729 854 1814 στρατοπέδῳ
919 1725 1009 1793 τὸ
1071 1729 1461 1796 πλεῖστοι
1506 1722 1820 1816 τραφείῖς
1883 1751 2038 1797 sane
2079 1731 2261 1797 vides
2329 1752 2724 1798 communem

430 1838 752 1896 auctorem
799 1831 960 1895 talia
993 1831 1348 1915 scripsisse,
1412 1839 1481 1897 ut
1531 1831 1765 1897 Gaium
1813 1831 1986 1916 apud
2032 1832 2269 1898 milites
2313 1852 2504 1915 quam
2549 1832 2724 1918 apud

428 1938 727 2045 parentes
787 1932 1030 1997 versari
1075 1932 1381 1998 maluisse
1427 1952 1974 2016 cognosceremuS‚
2020 1934 2136 2000 sed
2180 1934 2442 1999 minime
2489 1933 2723 1999 Gaium

431 2031 561 2097 iam
601 2039 752 2098 tunc
796 2052 911 2117 per
959 2034 1215 2115 longum
1260 2034 1566 2116 temporis
1614 2034 1894 2117 spatium
1942 2034 2010 2099 in
2056 2033 2408 2100 Germania
2452 2054 2723 2100 commo-

431 2140 636 2198 ratum
681 2133 899 2200 fuisse.

629 2234 747 2299 His
806 2234 1119 2318 expositis
1187 2236 1454 2301 alteram
1526 2235 1968 2317 quaestionem
2022 2236 2493 2320 aggrediamur,
2552 2236 2723 2302 unde

432 2333 727 2398 Tacitum
769 2333 849 2399 de
884 2333 1540 2419 redituAgrippinae
1583 2357 1624 2400 a
1653 2334 2037 2401 Germanico
2082 2344 2386 2402 excusato
2432 2336 2537 2418 (cf.
2568 2337 2722 2402 Tac.

430 2435 463 2497 I
508 2455 558 2499 c.
604 2434 711 2514 44)
760 2434 827 2499 in
869 2453 1145 2501 errorem
1188 2456 1304 2501 nos
1345 2435 1680 2503 induxisse
1721 2438 1984 2503 eluceat.
2033 2443 2102 2502 ut
2145 2456 2295 2503 vero
2341 2437 2459 2504 toti
2505 2437 2721 2522 dispu-

430 2535 662 2602 tationi
707 2544 960 2602 nostrae
1002 2538 1184 2602 firma
1229 2538 1644 2604 fundamenta
1688 2539 2149 2620 substruantur,
2165 2584 2180 2598 .
2205 2547 2414 2618 antea,
2466 2539 2722 2622 quibus-

420 2655 582 2700 -nam
606 2657 704 2702 ex
748 2637 906 2703 locis
947 2638 1311 2723 Agrippina
1359 2638 1442 2703 ad
1502 2639 1816 2703 Treveros
1875 2638 2163 2722 profecta
2208 2639 2310 2714 sit,
2380 2639 2573 2704 altius
2616 2658 2722 2703 ex-

431 2737 740 2820 plicemus
783 2756 1043 2804 necesse
1089 2746 1203 2803 est.

630 2840 893 2905 Aestate
952 2859 1008 2903 a.
1078 2843 1152 2902 14
1204 2838 1590 2904 Germaniae
1648 2839 1971 2904 inferioris
2024 2840 2309 2922 legiones
2357 2841 2408 2923 Ι,
2457 2842 2530 2922 V,
2575 2842 2719 2918 XX,

433 2939 596 3003 XXI
642 2939 874 3004 iisdem
937 2939 1202 3004 aestivis
1270 2939 1338 3002 in
1400 2939 1637 3005 finibus
1706 2932 2025 3005 Ubiorum
2080 2938 2479 3005 habebantur
2543 2941 2723 3022 (Tac.

431 3039 462 3103 I
508 3039 628 3120 31).
677 3059 942 3121 quarum
985 3060 1131 3104 cum
1178 3040 1452 3124 primam
1510 3048 1575 3105 et
1616 3040 1990 3105 vicesimam
2037 3039 2319 3105 Caecina
2363 3041 2612 3123 legatus
2656 3040 2723 3105 in

430 3140 756 3206 civitatem
806 3139 1114 3205 Ubiorum
1156 3141 1482 3206 reduxerit
1529 3143 1663 3222 (37)
1710 3140 2137 3224 reductaeque
2182 3141 2351 3206 Arae
2411 3140 2721 3207 Ubiorum

432 3239 808 3308 hibernassc
855 3246 1277 3308 memorentur
1341 3243 1475 3322 (39)
1546 3249 1609 3307 et
1656 3242 1917 3307 civitate
1966 3249 2029 3307 61
2070 3243 2202 3309 Ara
2244 3242 2376 3308 nisi
2417 3241 2726 3326 oppidum

434 3341 747 3407 Ubiorum
809 3341 1019 3425 ipsum
1050 3387 1055 3394 -
1087 3340 1222 3421 (36)
1288 3361 1414 3405 11011
1481 3341 1834 3424 significari
1893 3362 2036 3406 cum
2079 3362 2194 3426 per
2238 3362 2308 3407 se
2350 3348 2548 3426 patet,
2592 3347 2727 3405 tum

432 3442 536 3507 his
581 3449 1098 3525 argumentorum
1139 3442 1476 3507 momentis
1518 3442 1940 3507 confirmatur.

601 3542 695 3606 Ac
750 3542 1022 3626 primum
1080 3542 1342 3624 quidum
1406 3542 1637 3609 Castra
1666 3542 1898 3606 Vetera
1956 3541 2038 3606 ab
2090 3542 2224 3607 Ara
2279 3542 2587 3607 Ubiorum
2645 3545 2726 3605 60

433 3643 617 3708 milia
658 3663 965 3728 passuum
1010 3642 1251 3708 afuisse
1294 3643 1632 3708 traduntur
1679 3638 1831 3715 (453.
1895 3641 2066 3723 quod
2110 3642 2391 3726 spatium
2428 3650 2724 3728 spectans

434 3763 638 3827 nuper
682 3743 948 3809 Carolus
991 3741 1378 3808 Brambach:
1467 3744 1567 3807 De
1610 3741 1921 3807 columnis
1964 3739 2266 3807 miliariis
2308 3742 2393 3807 ad
2435 3744 2728 3810 Rhenum

436 3844 707 3927 repertis
727 3906 731 3910 ,
751 3843 1014 3909 Bonnae
1064 3846 1223 3907 1866
1259 3865 1319 3928 p.
1364 3843 1486 3907 VII
1546 3843 1680 3908 acri
1737 3842 2088 3907 itinerariis
2144 3842 2437 3909 adhibita
2484 3844 2724 3926 disqui-

436 3945 670 4011 sitione
714 3964 758 4008 a
797 3944 1134 4010 Veteribus
1184 3943 1502 4009 coloniam
1549 3941 2093 4027 Agrippinensem
2137 3942 2353 4009 effecit
2392 3945 2617 4029 leugas
2643 3952 2719 4010 41

434 4047 575 4111 sive
619 4050 701 4110 40
741 4052 804 4109 et
843 4045 1033 4110 unius
1076 4046 1306 4128 leugae
1352 4045 1751 4127 aliquantum
1794 4044 2039 4110 abesse.
2096 4045 2324 4128 leugae
2368 4053 2583 4112 autem
2624 4050 2725 4129 40,

437 4154 507 4212 ut
549 4147 722 4213 idem
766 4145 998 4229 prodit,
1043 4151 1106 4212 et
1149 4145 1315 4211 alias
1361 4146 1521 4212 satis
1564 4154 1830 4224 constat,
1878 4153 2026 4212 sunt
2066 4145 2249 4209 milia
2288 4166 2597 4229 passuum
2627 4151 2728 4211 60.

439 4267 639 4329 quare
679 4267 822 4313 cum
865 4267 906 4311 a
950 4246 1288 4313 Veteribus
1333 4255 1396 4311 et
1439 4248 1696 4313 colonia
1740 4247 2239 4332 Agrippinensis
2291 4253 2354 4312 et
2393 4245 2527 4313 Ara
2570 4246 2726 4313 Ubi-

437 4367 619 4414 orum
668 4350 749 4414 60
790 4346 1050 4416 milibus
1095 4346 1351 4426 distent,
1398 4347 1664 4413 dubium
1714 4367 1845 4412 non
1888 4354 2002 4426 est,
2048 4346 2223 4429 quin,
2265 4345 2378 4413 ubi
2416 4346 2728 4431 oppidum

435 4448 750 4516 Ubiorum
795 4483 873 4496 --
918 4448 985 4515 in
1030 4446 1202 4531 quod
1244 4469 1301 4516 a.
1349 4452 1430 4513 50
1474 4448 1729 4515 colonia
1771 4454 1870 4514 est
1913 4447 2191 4515 deducta
2223 4481 2304 4496 -—··
2333 4447 2558 4515 eodem
2586 4448 2726 4515 1000
2777 4461 2782 4466 “
