3037 4913
1568 260 1600 310 7

434 442 548 505 cst.
614 453 884 516 quarum
931 452 1140 498 rerum
1184 452 1328 496 cum
1372 430 1548 515 apud
1594 427 1892 495 Tacitum
1945 429 2292 514 vestigium
2338 429 2425 494 sit
2459 430 2738 513 nullum,

436 536 490 598 is
534 533 793 617 quidem
821 534 1054 599 Dionis
1099 541 1320 598 auctor
1364 532 1698 598 habendus
1739 550 1868 603 non
1907 540 2021 598 est.
2070 551 2220 616 ergo
2266 531 2334 596 in
2363 538 2545 596 tanta
2590 551 2727 596 ver-

438 636 655 700 borum
721 633 1146 701 similitudine
1212 652 1608 698 communem
1673 640 1939 716 uterque
2005 632 2244 698 fontem
2289 631 2604 715 adhibuit,
2665 631 2733 697 id

438 733 603 817 quod
644 735 939 820 exemplo
987 734 1177 800 unius
1224 733 1318 799 rei
1361 739 1621 800 notasse
1667 734 1828 801 satis
1876 733 2027 799 erit:

631 834 863 901 Tradit
885 834 1151 901 Tacitus
1197 856 1247 900 c.
1283 837 1395 899 28:
1442 842 1713 927 noctem
1758 835 2075 900 minacem
2119 841 2182 900 et
2225 835 2295 899 in
2338 834 2549 899 scelus
2595 854 2734 899 eru-

439 945 582 1022 ptm
585 957 689 1002 am
733 937 863 1002 sors
910 926 1176 1002 lenivit’.
1220 936 1349 1000 iam
1395 955 1548 1000 vero
1591 935 1872 1001 Drusum
1916 934 2165 1001 Tiberii
2214 933 2418 998 filium
2460 933 2737 1018 primum

439 1037 695 1120 quidem
742 1037 1002 1122 proviso
1067 1037 1353 1122 periculo
1402 1056 1483 1102 ex
1529 1037 1796 1102 aestivis
1854 1035 2108 1119 digredi
2153 1036 2455 1119 voluisse,
2499 1035 2738 1101 deinde

441 1139 550 1204 On.
595 1139 883 1217 Lentu10,
938 1159 1126 1223 quem
1170 1139 1442 1204 rebelles
1498 1139 1677 1205 saxis
1724 1140 2234 1218 vulneraverant,
2295 1140 2407 1205 vix
2454 1161 2495 1205 a
2537 1146 2739 1204 morte

438 1248 656 1325 erepto
697 1260 814 1325 per
855 1246 1104 1305 noctem
1148 1240 1589 1323 insequentem
1624 1240 1692 1305 in
1734 1240 1969 1307 castris
1993 1241 2382 1306 remansisse
2427 1260 2462 1305 e
2506 1239 2737 1306 Tacito

439 1340 598 1407 satis
622 1346 890 1406 constat.
936 1360 1100 1423 quae
1145 1361 1286 1405 cum
1330 1340 1424 1407 ita
1454 1340 1603 1418 sint,
1648 1348 1834 1406 nocte
1862 1360 1956 1420 ea,
2006 1340 2245 1425 quippe
2290 1359 2455 1423 quae
2486 1339 2739 1405 dicatur

438 1442 656 1506 minax
704 1449 768 1507 et
830 1442 898 1508 in
960 1442 1169 1514 scelus
1215 1449 1537 1526 eruptura,
1603 1441 1885 1506 Drusum
1926 1460 2169 1507 summo
2230 1441 2300 1505 in
2366 1438 2738 1505 discrimine

438 1542 611 1607 vitae
641 1540 841 1607 fuisse
870 1541 1288 1626 cognoscitur.
1333 1541 1438 1607 his
1467 1542 1745 1626 cognitis
1773 1541 1986 1608 Taciti
2019 1542 2234 1654 verba,
2270 1561 2435 1624 quae
2482 1541 2567 1605 ad
2600 1560 2736 1606 rem

439 1642 777 1726 pertinent,
828 1649 1057 1707 cuncta
1101 1663 1243 1707 cum
1288 1642 1557 1750 Dioneis
1604 1662 2076 1726 comparemus:

1709 1766 1760 1810 c.
1808 1746 1913 1807 27:
1962 1743 2154 1809 simul
2199 1743 2517 1828 ingruunt,
2565 1761 2727 1808 saxa

1625 1847 1883 1914 iaciunt.
1955 1846 2212 1928 iamque
2283 1843 2525 1929 lapidis
2593 1844 2724 1909 ictu

1630 1956 1923 2013 cruentus
1985 1955 2049 2012 et
2105 1946 2289 2012 exitii
2352 1952 2561 2012 certus
2614 1949 2730 2021 [sc.

525 2062 579 2107 (3.
625 2044 692 2104 4.
881 2041 1057 2104 ,τῶν
1097 2061 1170 2103 τε
1210 2034 1542 2105 συνόντων

442 2133 618 2226 αὐτῷ
677 2139 797 2223 [se.
839 2142 934 2226 τῷ
992 2132 1301 2225 Δρούσῳ]
1358 2138 1540 2204 κατέ-

442 2234 698 2358 tpwao'w
757 2263 934 2317 τινας
995 2240 1105 2305 καὶ
1167 2231 1365 2306 αὐτὸν
1425 2242 1542 2326 τῆς

442 2336 666 2418 νυκτὸς
762 2334 1355 2427 περιεφρούρησαν,
1449 2335 1539 2426 μὴ

1633 2047 1744 2113 On.
1789 2043 2121 2132 Lentulus]
2184 2046 2458 2115 adcursu
2523 2044 2733 2110 multi·

1631 2148 1896 2231 tudinis,
1956 2169 2120 2231 quae
2179 2168 2323 2213 cum
2365 2148 2578 2212 Druso
2622 2145 2733 2211 ad-

1633 2258 1909 2327 venerat,
1970 2256 2293 2333 protectus
2340 2255 2457 2314 est.
2528 2269 2577 2312 c.
2626 2251 2735 2311 28:

1632 2358 1882 2416 noctem
1931 2351 2244 2414 minacem
2298 2357 2361 2415 et
2412 2349 2482 2413 in
2522 2347 2732 2413 scelus

438 2437 737 2530 διαφύγῃ,
759 2444 874 2527 τῆς
893 2440 965 2506 δε
986 2438 1064 2529 δὴ
1083 2438 1357 2531 σελήνης
1377 2442 1539 2511 ἐκλι-

440 2541 700 2630 πούσης
773 2541 1260 2628 ἐνθυμηθέντες
1320 2538 1537 2630 ἀπημ-

1633 2460 2002 2537 erupturam
2079 2452 2209 2517 fors
2276 2450 2521 2530 lenivit,
2583 2470 2732 2515 nam

1631 2555 1786 2619 luna
1831 2555 2003 2619 claro
2061 2560 2324 2637 repente
2369 2553 2546 2618 coelo
2590 2552 2734 2630 visa

437 2640 814 2730 βλῦνθησαν
857 2694 871 2709 ·
923 2696 937 2710 ·
981 2694 997 2707 ·
1051 2695 1065 2710 ·
1115 2699 1126 2711 ·
1628 2655 2059 2739 languescere.
2116 2653 2186 2718 id
2231 2654 2416 2719 miles
2461 2652 2732 2719 rationis
2769 2707 2776 2712 .

1629 2754 1891 2838 ignarus
1999 2774 2183 2819 omen
2294 2753 2731 2838 praesentium

1630 2854 1880 2938 accepit
1927 2905 2188 2919 .....

638 2951 830 3023 Nullo
892 2955 1082 3021 modo
1143 2954 1280 3020 fieri
1336 2962 1603 3039 poterat,
1675 2963 1742 3020 ut
1812 2956 1956 3033 Dio,
2037 2928 2223 3039 quem
2283 2977 2384 3022 res
2458 2956 2737 3021 breviter

438 3056 895 3141 perstrinxisse
940 3061 1181 3120 certum
1223 3064 1335 3134 est,
1385 3055 1599 3121 Taciti
1642 3057 1857 3122 verbis
1897 3057 2015 3122 sub
2059 3057 2252 3122 finem
2289 3078 2343 3121 (3.
2373 3062 2484 3120 28ε
2531 3056 2734 3148 omit-

440 3166 579 3224 tunt
641 3150 884 3243 portas'
941 3159 1197 3243 penitus
1263 3160 1673 3245 introspectis
1717 3161 1998 3226 Drusum
2058 3182 2138 3226 ne
2196 3169 2382 3227 nocte
2428 3182 2462 3227 e
2507 3162 2735 3227 castris

443 3259 769 3343 effugeret,
813 3280 854 3324 a
895 3260 1241 3326 rebellibus
1287 3261 1619 3327 obsessum
1648 3283 1791 3327 esse
1836 3262 2175 3329 retulisset.
2221 3263 2350 3327 iam
2393 3283 2545 3327 vero
2572 3281 2737 3345 quae

442 3360 616 3445 apud
665 3360 939 3426 Dionem
998 3369 1061 3428 et
1129 3362 1208 3428 de
1266 3362 1617 3427 vulneratis
1659 3364 1851 3428 Drusi
1896 3363 2236 3429 comitibus
2292 3372 2356 3429 et
2399 3363 2480 3429 de
2524 3364 2736 3428 Druso

441 3463 583 3546 ipso
623 3482 738 3546 per
778 3469 1026 3528 noctem
1059 3463 1255 3530 armis
1287 3463 1550 3529 obsesso
1593 3471 1653 3529 et
1694 3463 1774 3528 de
1805 3465 1995 3529 lunae
2037 3463 2395 3530 defectione
2433 3463 2737 3547 deinceps

440 3565 791 3644 traduntur,
840 3585 1171 3649 compares
1203 3586 1343 3630 cum
1388 3566 1491 3646 iis,
1538 3585 1702 3648 quae
1729 3564 1900 3650 apud
1925 3566 2218 3630 Tacitum
2264 3564 2487 3629 eodem
2527 3582 2736 3629 rerum

443 3666 664 3732 ordine
716 3686 962 3732 conexa
993 3672 1054 3730 et
1097 3665 1178 3730 de
1210 3666 1323 3731 Gn.
1356 3666 1626 3731 Lentulo
1661 3667 1994 3732 vulnerato
2040 3673 2103 3731 et
2146 3663 2226 3730 de
2270 3672 2455 3730 nocte
2498 3663 2737 3728 minaci

444 3768 634 3850 inque
687 3768 895 3832 scelus
950 3774 1255 3851 eruptura
1319 3774 1382 3831 et
1449 3766 1530 3831 de
1589 3768 1742 3832 luna
1796 3765 2130 3832 deficiente
2177 3767 2489 3851 leguntur.
2553 3763 2736 3830 vides

442 3889 596 3935 sane
638 3868 804 3933 inter
843 3874 1066 3952 aperta
1094 3867 1377 3933 Dionea.
1447 3866 1558 3932 καὶ
1595 3857 1796 3932 αὐτόν
1826 3869 1942 3951 τῆς
1984 3861 2211 3945 νυκτὸς
2253 3857 2737 3951 περιεφρούρη-

442 3991 559 4032 σαι
600 3963 689 4055 μὴ
731 3959 1033 4055 &compones
1075 3975 1138 4033 et
1165 3975 1335 4035 tecta
1357 3969 1628 4035 Tacitea
1670 3969 1859 4034 haec:
1925 3978 2171 4035 noctem
2197 3969 2513 4033 minacem
2561 3975 2623 4032 et
2670 3967 2737 4031 in

443 4069 650 4134 scelus
700 4060 1088 4154 erupturam²
1132 4091 1440 4136 conexum
1489 4070 1885 4137 intercedere
1929 4072 2039 4155 ita,
2085 4079 2155 4137 ut
2198 4069 2517 4136 communi
2563 4069 2738 4134 fonte

445 4189 594 4236 usus
644 4169 932 4236 dilucida
992 4172 1270 4238 auctoris
1327 4173 1524 4238 verba
1585 4193 1726 4238 cum
1773 4172 1901 4238 Dio
1960 4174 2153 4257 plane
2200 4169 2533 4252 rettulerit,
2600 4177 2735 4235 tum

443 4272 724 4351 Tacitae,
771 4293 898 4357 qua
940 4272 1132 4338 nimis
1178 4273 1439 4357 vigebat
1483 4280 1620 4340 arte
1664 4274 2000 4355 rhetorica,
2056 4273 2229 4338 haud
2276 4271 2468 4338 dubie
2513 4271 2735 4337 obscu-

445 4374 696 4441 raverit.
762 4375 972 4442 simile
1017 4374 1328 4458 quiddam
1369 4376 1605 4441 factum
1652 4395 1792 4442 esse
1839 4374 1989 4441 inde
2050 4373 2394 4457 intelliges,
2455 4373 2513 4438 si
2558 4374 2732 4438 locos

445 4475 607 4544 inter
650 4496 717 4541 se
764 4479 1110 4545 contuleris
1154 4478 1374 4545 hosce:
