3037 4913
1436 269 1516 320 ,44

333 461 448 506 cae
506 439 646 506 dies
667 439 712 521 ²)
765 446 1218 523 memorantur,
1291 459 1342 504 c.
1395 442 1470 503 21
1538 438 1666 504 Dio
1722 437 1958 503 Gaium
2018 434 2493 521 expeditionem
2562 434 2632 499 in

332 538 744 605 Germaniam
786 540 1078 605 molitum
1121 539 1463 622 statimque
1525 539 1880 625 profectum
1931 557 2073 604 esse
2118 543 2338 603 auctor
2395 543 2508 618 est,
2559 536 2630 601 id

332 641 505 725 quod
546 660 763 707 mense
787 640 947 725 Aug.
985 642 1091 707 vel
1120 641 1294 725 Sept.
1340 640 1579 706 factum
1614 660 1756 707 esse
1780 639 1933 706 inde
1963 639 2387 723 cognoscitur,
2433 639 2626 722 quod,
2719 654 2731 666 “

333 762 479 808 cum
522 741 608 806 ad
647 740 943 809 Rhenum
986 741 1285 824 venisset,
1350 740 1415 805 d.
1461 746 1559 806 27..
1608 739 1744 807 Oct.
1802 740 2056 808 detecta
2110 750 2207 808 est
2272 741 2632 816 coniuratio

330 844 587 911 Lentuli
632 842 954 908 Gaetulici
983 845 1049 918 2).
1100 843 1291 908 istam
1333 842 1566 908 seriem
1607 862 1816 908 rerum
1845 842 2072 908 eodem
2095 863 2264 909 anno
2306 850 2631 927 gestarum

333 945 389 1010 si
432 951 601 1012 retro
643 944 985 1027 sequimur,
1028 943 1357 1010 Drusillae
1418 942 1729 1010 natalicia
1791 944 2018 1029 primis
2083 944 2236 1013 anni
2299 943 2630 1009 mensibus

333 1045 675 1112 statuenda
718 1051 882 1110 sunt.
926 1063 1123 1127 quare
1192 1057 1332 1110 cum
1394 1064 1574 1110 soror
1616 1044 1983 1129 Agrippina
2038 1044 2163 1110 fine
2219 1065 2276 1112 a.
2326 1049 2402 1108 14
2446 1051 2634 1128 parta

332 1146 436 1230 sit,
478 1146 833 1211 Drusillam
874 1144 1132 1211 nonnisi
1179 1152 1326 1229 post
1370 1144 1627 1210 initium
1671 1165 1725 1210 a.
1780 1150 1870 1210 16.
1917 1153 2136 1211 natam
2180 1165 2320 1212 esse
2364 1153 2559 1230 patet.

530 1245 896 1331 Agrippina
940 1252 1144 1312 mater
1202 1267 1343 1313 cum
1407 1246 1571 1312 duas
1636 1247 1703 1312 in
1759 1248 2020 1331 regione
2080 1248 2395 1313 Rhenana
2458 1247 2631 1313 filias

330 1347 759 1432 Agrippinam
801 1355 866 1413 et
908 1349 1259 1415 Drusillam
1278 1348 1485 1414 enixa
1529 1349 1632 1431 sit,
1676 1356 1741 1415 et
1781 1338 1963 1414 illam
1986 1349 2244 1433 quidem
2288 1351 2358 1417 in
2391 1349 2630 1436 oppido

333 1448 662 1531 Ubiorum,
708 1449 915 1514 elucet
940 1449 1150 1514 vicum
1177 1449 1648 1515 Ambitarvium
1694 1470 1893 1533 supra
1926 1449 2333 1517 Confluentes
2380 1451 2449 1516 in
2474 1451 2629 1515 Tre-

332 1551 522 1633 veris,
570 1571 695 1634 quo
740 1551 879 1616 loco
909 1572 1052 1617 cum
1091 1572 1206 1616 ara
1248 1552 1350 1643 <Ob
1391 1552 1792 1637 Agrippinae
1832 1544 2259 1636 puerperium'
2319 1551 2634 1636 iuscripta

334 1652 426 1718 ibi
473 1659 755 1717 exstaret
799 1651 868 1717 G.
907 1652 1157 1718 Plinius
1208 1654 1346 1719 sive
1411 1673 1527 1719 suo
1588 1673 1801 1719 errore
1860 1653 1999 1720 sive
2064 1653 2234 1719 falsa
2290 1654 2462 1718 fama
2520 1651 2629 1718 de-

333 1759 553 1839 ceptus
612 1752 847 1818 Graium
902 1752 1266 1837 Caligulam
1325 1754 1614 1837 genitum
1673 1754 1936 1838 scripsit
1977 1757 2049 1835 ³),
2111 1753 2240 1819 nisi
2306 1751 2632 1817 Drusillae
2719 1757 2729 1763 ’

332 1852 609 1937 patriam
653 1872 782 1918 non
845 1873 1007 1936 esse,
1077 1853 1146 1918 id
1205 1854 1379 1936 quod
1450 1855 1582 1918 iam
1647 1854 1895 1919 Eckhel
1960 1861 2130 1919 recte
2196 1852 2529 1918 adnotavit
2560 1851 2632 1931 ⁴).

333 1953 540 2020 edidit
581 1973 786 2038 nuper
828 1953 910 2019 de
958 1954 1101 2019 vico
1167 1955 1569 2021 Ambitarvio
1616 1955 2001 2020 Franciscus
2045 1954 2252 2020 Ritter
2303 1970 2631 2017 commen-

335 2055 570 2120 tarium
602 2055 672 2139 ⁵),
717 2056 828 2138 qui
857 2055 1266 2122 inscribitur·
1315 2057 1480 2140 Zerf,
1531 2056 1638 2121 die
1669 2056 2138 2122 Geburtsstatte
2189 2053 2302 2119 der
2344 2051 2636 2117 Drusilla

335 2154 470 2220 und
503 2153 762 2238 Livilla,
806 2155 919 2223 der
963 2157 1242 2222 Tochter
1288 2156 1400 2224 des
1444 2157 1686 2225 Caesar
1731 2157 2153 2222 Germanicus
2197 2153 2328 2219 und
2372 2153 2486 2218 der
2539 2152 2630 2216 al-

336 2260 513 2320 teren
555 2254 936 2341 Agrippina,
984 2257 1100 2323 sed
1144 2278 1284 2323 cum
1333 2257 1400 2323 in
1463 2258 1788 2325 natalibus
1852 2258 2041 2324 annis
2103 2256 2380 2321 filiarum
2435 2259 2632 2319 statu-

337 2354 522 2422 endis
565 2356 833 2423 mirifice
878 2357 1182 2442 deceptus
1226 2366 1343 2443 est,
1401 2365 1534 2423 tum
1577 2359 1736 2424 Zerf
1779 2360 1978 2443 vicus,
2038 2378 2224 2442 quem
2281 2376 2478 2440 supra
2517 2354 2633 2420 Sa-

336 2455 476 2524 ravi
522 2467 585 2523 et
625 2458 931 2524 Mosellae
976 2458 1366 2525 confluentes
1411 2460 1479 2524 in
1521 2460 1823 2527 Treveris
1888 2461 2081 2526 situm
2153 2458 2341 2525 nobis
2405 2474 2631 2541 propo-

337 2558 484 2640 suit,
549 2559 680 2622 iam
723 2567 892 2625 recte
955 2560 1038 2625 ab
1093 2559 1371 2626 Aemilio
1431 2560 1734 2626 Huebner
1784 2561 2106 2626 refutatus
2168 2567 2281 2625 est.
2314 2559 2366 2640 6)
2428 2577 2635 2639 neque

336 2660 506 2726 enim
561 2660 842 2743 dubium,
904 2661 1077 2744 quin,
1123 2661 1180 2725 si
1231 2660 1316 2726 de
1368 2660 1681 2727 Rhenana
1722 2661 1983 2744 regione
2035 2660 2265 2744 agitur,
2327 2659 2442 2724 alii
2486 2679 2632 2724 con-

337 2759 604 2827 fluentes
652 2780 780 2827 non
824 2760 1224 2845 accipiantur
1267 2761 1395 2826 nisi
1438 2760 1649 2826 Rheni
1691 2769 1753 2827 et
1796 2762 2104 2828 Mosellae
2173 2759 2630 2846 principalium

293 2926 302 2932 .
343 2861 598 2928 illorum
641 2860 989 2928 fluminum.

469 2972 478 2979 “
540 2962 857 3047 Omnium,
903 2984 1069 3046 quae
1114 2964 1533 3030 coniectando
1554 2963 1680 3029 huc
1721 2964 1928 3029 relata
1948 2971 2094 3030 sunt
2138 2964 2299 3046 loca,
2343 2962 2550 3047 primo
2595 2981 2636 3024 a

338 3063 618 3129 Brovero
648 3064 701 3145 ⁷)
743 3065 1023 3131 maxime
1064 3065 1456 3150 probabatur
1480 3065 1901 3129 Treverorum
1948 3064 2256 3148 oppidum
2280 3063 2632 3128 Muenster-

339 3164 622 3233 m'aifeld
667 3185 940 3247 namque
983 3165 1051 3229 in
1098 3165 1447 3250 diplomate
1491 3164 1768 3247 quodam
1810 3165 2028 3249 spurio
2073 3185 2129 3229 a.
2181 3170 2299 3229 761
2353 3165 2633 3250 Pippino
2700 3176 2713 3187 ‘

339 3265 479 3350 regi
525 3265 762 3332 tributo
790 3267 1066 3333 ecclesia
1107 3266 1296 3333 huius
1328 3266 1614 3358 oppidi
1618 3266 1840 3333 Sancti
1867 3268 2129 3333 Martini
2180 3269 2247 3333 iu
2287 3287 2459 3353 pago
2482 3269 2631 3332 Am-

338 3357 641 3432 bitarino'
686 3387 798 3432 seu
841 3366 1207 3460 Ambitivo'
1256 3368 1491 3433 dicitur
1514 3370 1565 3451 ⁸)
1611 3376 1675 3434 et
1718 3368 1787 3432 in
1831 3368 2110 3451 genuino
2161 3370 2362 3434 altero
2407 3390 2463 3434 a.
2507 3372 2632 3432 964

338 3470 635 3561 basilica
677 3470 897 3537 Sancti
939 3468 1201 3535 Martini
1264 3469 1649 3535 confessoris
1696 3468 1955 3547 Christi,
2013 3489 2178 3584 quae
2238 3470 2632 3535 Ambitivum

546 3767 597 3837 1)
634 3768 687 3822 C.
733 3769 775 3821 I.
814 3768 872 3822 L.
916 3770 957 3835 1,
995 3787 1050 3838 p.
1077 3771 1197 3825 401.

542 3856 597 3925 2)
637 3854 1053 3909 Orelli-Henzen
1098 3873 1213 3909 nro,
1245 3856 1364 3922 698,
1401 3857 1469 3910 ci.
1509 3855 1743 3909 Dionem
1783 3854 1924 3908 LIX.
1961 3855 2045 3907 ⁶22.

541 3943 594 4011 3)
632 3942 783 3997 Suet.
824 3943 996 4012 Calig.
1036 3946 1085 3997 8.
1285 3947 1340 4010 4)
1375 3943 1439 3996 D.
1479 3943 1545 3995 N.
1586 3941 1676 3995 vl.
1714 3961 1764 4010 p.
1795 3945 1916 3995 231.

536 4032 591 4099 5)
627 4030 978 4084 Jahrbiicher
1013 4029 1111 4084 des
1143 4031 1208 4082 V.
1247 4048 1297 4084 v.
1339 4030 1579 4084 Alterth.
1620 4029 1654 4082 i.
1695 4028 1797 4083 Rh.
1838 4027 2053 4080 XXXV.
2098 4031 2140 4081 1.
2184 4028 2336 4080 186&

540 4121 598 4188 6)
635 4118 850 4173 Ibidem
890 4117 1056 4173 XLII.
1098 4120 1385 4186 p.‡60sqq.

543 4209 593 4272 7)
637 4206 910 4274 Antiquit.
946 4210 1005 4259 et
1040 4205 1221 4260 annal.
1259 4203 1420 4258 Trev.
1460 4203 1502 4257 Ι.
1540 4221 1592 4272 p.
1623 4205 1740 4271 135,
1782 4204 1899 4258 136.
1949 4216 1959 4224 ·
2077 4253 2082 4259 .

541 4295 597 4362 8)
632 4293 932 4347 Hontheim
965 4293 1107 4348 Hist.
1150 4293 1309 4347 Trev.
1350 4291 1389 4345 1.
1442 4310 1493 4361 p.
1528 4291 1658 4358 1213
1705 4289 1774 4345 cf.
1824 4289 2057 4346 Broveri
2107 4291 2277 4359 antiq.
2342 4291 2385 4345 1.
2436 4307 2486 4359 p.
2511 4292 2628 4346 378.

343 4379 596 4449 spurium
635 4381 739 4434 hoc
775 4381 933 4435 TreV.
976 4382 1241 4437 ecclesiae
1277 4381 1523 4450 diploma
1579 4397 1698 4435 esse
1749 4379 1997 4434 ostendit
2032 4377 2214 4432 Sickel
2251 4380 2395 4437 Acta
2431 4378 2639 4434 Caroli-

343 4484 543 4523 norum
579 4467 646 4520 11.
688 4470 985 4523 436—437.
