3037 4913
1544 256 1634 313 45.

410 427 702 504 vocatur'
725 438 786 519 ¹).
837 398 1039 532 quare?
1074 455 1217 501 cum
1258 454 1448 501 voces
1466 502 1481 517 ,
1499 435 1935 502 Ambitarvius
1980 442 2043 501 et
2085 388 2525 501 Ambitarinus
2572 442 2711 502 tan·
2785 406 2788 409 ”

358 626 361 629 Ἴ
418 547 560 604 tum
605 538 771 602 inter
814 556 884 603 se
927 555 1056 601 non
1116 535 1505 621 discrepent,
1569 536 2162 602 Muenstermaifeld
2230 556 2347 621 pro
2409 535 2553 602 vico
2612 537 2726 603 illo

420 638 727 704 Pliniano
793 638 1064 703 fortasse
1126 636 1621 720 existimaveris,
1710 636 2090 722 praesertim
2165 657 2306 702 cum
2371 637 2726 721 permultae

420 740 853 806 Romanorum
898 736 1339 804 aedificiorum
1383 737 1807 821 villarumque
1851 738 2167 819 reliquiae
2214 737 2281 802 in
2325 757 2494 822 pago
2524 738 2724 822 Megi-

423 840 609 906 nensi
657 840 725 921 (i.
769 859 822 904 e.
865 838 1236 921 Maiengau)
1283 838 1351 901 in
1394 837 1600 903 lucem
1642 837 1937 922 proditae
1987 838 2118 904 sint
2143 837 2216 920 ²).

448 947 453 951 ’
627 942 714 1008 Ut
778 940 1056 1022 denique
1128 938 1320 1003 finem
1381 940 1824 1005 commentarii
1891 939 2222 1021 faciamus,
2297 940 2726 1025 Agrippinam

424 1043 484 1108 d.
524 1049 580 1108 6.
625 1043 784 1109 Nov.
827 1063 883 1108 a.
940 1048 1010 1105 14
1053 1042 1120 1105 in
1167 1039 1407 1125 oppido
1453 1040 1781 1122 Ubiorum,
1849 1040 2204 1106 Drusillam
2269 1048 2416 1124 post
2469 1042 2724 1108 initium

424 1165 481 1209 a.
532 1148 606 1208 16
651 1144 796 1209 vico
837 1142 1239 1208 Ambitarvio
1303 1162 1499 1226 supra
1547 1140 1954 1208 Confluentes
2009 1143 2077 1208 in
2139 1142 2440 1208 Treveris
2506 1151 2726 1209 natam

424 1243 628 1310 fuisse
671 1242 1046 1308 certissimis
1112 1241 1506 1325 argumentis
1552 1261 1593 1306 a
1633 1241 1819 1307 nobis
1880 1242 2320 1309 confirmatum
2387 1252 2500 1311 est.
2560 1266 2723 1328 quae

423 1351 801 1426 argumenta
844 1363 922 1409 ne
967 1343 1232 1410 Tacitus
1277 1341 1538 1425 quidem
1567 1349 1778 1426 potest
1817 1362 1894 1407 eo
1935 1342 2233 1424 refutare,
2283 1345 2453 1428 quod
2488 1347 2722 1432 Agrip-

422 1444 645 1529 pinam
687 1445 1023 1530 gravidam
1087 1451 1425 1509 auctumno
1496 1463 1555 1507 a.
1605 1447 1681 1506 14
1741 1463 1782 1508 a
1826 1442 2211 1510 Germanico
2281 1445 2365 1511 ad
2408 1446 2724 1514 Treveros

422 1547 689 1611 missam
737 1566 878 1612 esse
926 1546 1091 1611 falso
1135 1543 1398 1610 indicat.
1447 1552 1597 1610 sunt
1624 1563 1776 1609 vero
1822 1543 2214 1611 deditissimi
2238 1546 2565 1614 Rhenanis
2612 1569 2721 1613 an-

421 1646 829 1728 tiquitatibus
859 1647 1003 1722 viri,
1048 1646 1158 1729 qui
1188 1645 1487 1710 Tacitum
1510 1645 1713 1710 secuti
1749 1645 1845 1710 ita
1886 1665 2002 1711 nos
2024 1645 2409 1731 redarguere
2450 1648 2723 1715 fortasse

362 1738 368 1750 '
425 1746 742 1830 studeant,
788 1754 858 1812 ut
882 1755 1154 1812 exeunte
1192 1765 1247 1811 a.
1290 1751 1364 1810 14
1408 1766 1603 1811 111111111
1650 1766 1685 1810 e
1728 1745 1951 1811 liberis
1976 1745 2243 1832 duobus,
2288 1748 2397 1831 qui
2443 1749 2722 1816 infantes

425 1849 607 1933 rapti.
637 1868 678 1911 a
718 1848 1024 1914 Suetonio
1068 1854 1515 1930 memorantur,
1562 1846 1630 1911 in
1674 1847 1976 1913 Treveris
2036 1855 2255 1913 natum
2312 1857 2375 1913 et
2417 1850 2720 1935 Agrippi·

425 1968 572 2013 nam
636 1949 837 2014 filiam
896 1948 955 2013 d.
1022 1952 1078 2013 6.
1127 1949 1289 2013 Nov.
1346 1952 1419 2010 15
1487 1956 1551 2013 et
1595 1948 1971 2032 Drusillam,
2022 1943 2233 2031 quam'
2274 1949 2500 2034 primis
2567 1952 2719 2017 anni

423 2049 749 2115 mensibus
797 2049 1085 2133 genitam
1142 2068 1283 2114 esse
1344 2047 1672 2130 evicimus,
1743 2056 1888 2132 post
1960 2049 2215 2115 initium
2270 2070 2326 2114 a.
2384 2054 2456 2113 17
2517 2052 2722 2117 lucem

424 2152 756 2234 aspexisse
797 2157 1175 2235 proponant.
1222 2155 1442 2213 contra
1484 2167 1644 2231 quos
1685 2146 1847 2213 haec
1892 2148 2243 2216 sufficient:

623 2252 717 2315 Ac
747 2250 1021 2335 primum
1051 2247 1360 2326 Drusilla,
1408 2249 1466 2313 si
1510 2268 1567 2312 a.
1607 2250 1679 2310 17
1728 2255 1947 2315 natam
1971 2268 2112 2314 eam
2155 2256 2530 2336 statuamus,
2578 2273 2721 2319 cum

425 2351 841 2418 Germanicus
892 2356 1163 2416 exeunte
1205 2370 1261 2414 a.
1300 2353 1376 2412 16
1420 2350 1688 2415 Romam
1728 2348 2047 2432 rediisset,
2089 2351 2157 2416 in
2192 2351 2539 2417 Germania
2567 2361 2721 2419 nata

423 2472 550 2518 non
588 2459 702 2518 est.
747 2450 981 2518 deinde
1020 2473 1162 2519 cum
1207 2472 1242 2516 e
1287 2449 1615 2535 lapidibus
1662 2449 1837 2535 apud
1881 2448 2375 2519 Orelli-Henzen
2434 2475 2526 2520 nr.
2576 2456 2719 2539 669,

424 2555 545 2615 670
615 2553 1016 2619 exstantibus
1089 2552 1432 2617 infantium
1500 2550 1770 2617 duorum
1836 2551 2101 2618 istorum
2171 2573 2438 2639 corpora
2479 2555 2720 2621 Romae

421 2662 721 2730 cremata,
766 2660 1207 2739 cognoscatur,
1291 2652 1562 2717 alterum
1635 2652 1704 2716 in
1775 2651 2160 2719 Germaniae
2231 2661 2402 2720 terra
2468 2666 2721 2741 partum

421 2756 621 2822 fuisse
662 2755 837 2821 haud
881 2761 978 2819 est
1024 2752 1392 2819 verisimile.
1453 2759 1778 2837 postremo
1835 2773 1984 2820 vero
2040 2752 2163 2820 hoc
2216 2756 2497 2822 omnium
2563 2757 2719 2822 libe-

419 2876 631 2922 rorum
674 2856 878 2921 natali
926 2854 1151 2920 ordine
1193 2852 1354 2919 duos
1402 2853 1562 2919 istos
1625 2859 1775 2917 ante
1832 2873 1887 2917 a.
1940 2858 2034 2938 13,
2092 2854 2271 2920 cuius
2333 2855 2486 2920 anni
2531 2857 2718 2922 initio

417 2965 601 3042 pater
647 2957 714 3021 in
759 2955 1042 3021 Galliam
1086 2955 1320 3021 missus
1369 2962 1523 3037 erat,
1566 2953 1820 3037 genitos
1870 2953 2224 3019 edocemur.
2271 2963 2334 3021 et
2363 2955 2535 3021 Nero
2581 2957 2716 3039 qui-

421 3056 585 3141 dem,
632 3056 741 3140 qui
788 3056 846 3121 d.
894 3061 947 3120 7.
989 3056 1123 3120 Mai
1171 3075 1227 3119 a.
1278 3058 1357 3119 20
1402 3054 1727 3138 ingressus
1782 3053 1914 3119 iam
1980 3054 2304 3121 iuventam
2365 3064 2580 3140 togam
2623 3057 2717 3122 vi·

367 3170 379 3179 ·
416 3158 601 3223 rilem
644 3156 918 3241 sumpsit
957 3156 1028 3240 ⁸),
1074 3161 1222 3221 ante
1266 3176 1321 3219 a.
1349 3158 1384 3217 6
1432 3162 1496 3220 et
1541 3154 1813 3221 fortasse
1858 3175 1915 3220 a.
1964 3160 2019 3239 5,
2063 3156 2335 3240 Drusus,
2373 3157 2483 3239 qui
2535 3178 2590 3223 a.
2638 3161 2716 3222 23

416 3265 636 3342 togam
665 3256 918 3323 virilem
942 3253 1154 3321 induit
1176 3255 1248 3337 ⁴),
1293 3254 1467 3319 circa
1497 3274 1554 3318 a.
1600 3259 1656 3337 9,
1697 3253 1902 3321 Gaius
1948 3256 2078 3340 ille,
2103 3257 2214 3340 qui
2256 3257 2409 3349 ciam
2458 3278 2717 3342 pueras—

419 3348 589 3424 cens'
630 3363 913 3424 mortuus
959 3362 1073 3438 est,
1119 3374 1174 3419 a.
1225 3358 1293 3417 11
1332 3351 1407 3438 ⁶),
1478 3352 1682 3419 Gaius
1727 3355 1891 3420 alter
1937 3355 2237 3439 Caligula
2279 3377 2337 3422 a.
2388 3362 2461 3421 12
2508 3357 2715 3446 lucem

419 3466 838 3544 aspexerunt;
884 3457 1114 3541 quibus
1161 3456 1219 3522 si
1263 3455 1710 3542 Agrippinam,
1762 3456 2136 3540 Drusillam,
2181 3456 2486 3524 Livillam
2529 3460 2716 3525 annis

312 3578 337 3598 ··
425 3563 529 3643 14,
569 3564 662 3642 16,
717 3563 791 3621 18
836 3565 1023 3623 natas
1069 3556 1458 3639 addidimus,
1511 3575 1598 3620 ex
1640 3554 1865 3620 ordine
1912 3576 2220 3623 annorum
2266 3563 2321 3641 5,
2367 3562 2425 3640 9,
2477 3563 2570 3642 ll,
2622 3562 2717 3643 12,

425 3665 520 3745 14,
571 3666 663 3739 16,
718 3664 793 3723 18
840 3657 1205 3740 maximum,
1257 3655 1428 3739 quod
1489 3654 1797 3739 partubus
1853 3665 2059 3737 vacat,
2116 3657 2281 3723 inter
2326 3678 2383 3723 a.
2433 3662 2468 3720 5
2516 3666 2578 3725 et
2643 3664 2710 3722 11

421 3760 628 3826 elucet
674 3757 979 3844 temporis
1027 3755 1324 3841 spatium,
1370 3775 1495 3838 quo
1538 3762 1603 3820 et
1644 3755 1923 3822 Drusum
1965 3757 2168 3823 filium
2222 3766 2286 3824 et
2341 3756 2502 3825 duos
2560 3759 2716 3825 istos

419 3860 671 3945 genitos
712 3878 854 3924 esse
897 3876 1082 3923 nemo
1122 3855 1401 3941 negabit.

623 4016 672 4083 1)
707 4013 985 4074 Ledebur,
1024 4013 1138 4067 Der
1174 4011 1467 4081 Maiengau
1509 4010 1698 4064 Berlin
1740 4012 1893 4077 1842,
1927 4029 1982 4080 p.
2008 4014 2058 4079 7,
2095 4011 2165 4066 cf.
2204 4030 2257 4081 p.
2289 4016 2339 4066 2.

620 4104 674 4174 2)
707 4097 1061 4156 Jahrbiicher
1098 4098 1151 4153 d.
1195 4096 1257 4153 V.
1295 4115 1344 4152 v.
1391 4095 1632 4151 Alterth.
1663 4095 1710 4158 i.
1738 4096 1842 4151 Rh.
1879 4095 2125 4153 XXXVI.
2162 4100 2215 4160 2,
2251 4115 2304 4167 p.
2322 4100 2410 4153 55.

562 4183 567 4198 ‘
616 4190 673 4261 3)
713 4186 1135 4244 Orelli-Henzen
1194 4202 1314 4240 nro.
1358 4185 1517 4248 6443,
1569 4183 1639 4238 cf.
1701 4184 1825 4238 Tac.
1874 4202 1921 4238 a.
1958 4184 2051 4238 111.
2111 4186 2180 4239 29
2229 4189 2286 4239 et
2330 4185 2717 4242 Becker-Mar-

394 4276 621 4343 ‘quardt
655 4276 720 4334 R.
759 4278 827 4331 A.
863 4274 927 4331 V.
975 4278 1017 4328 1.
1062 4293 1116 4344 p.
1146 4276 1262 4329 133.
1462 4272 1518 4341 4)
1555 4272 1683 4327 Tae.
1724 4290 1771 4327 a.
1809 4272 1902 4326 IV.
1945 4274 1996 4328 4.

619 4366 674 4431 5)
715 4363 866 4419 Suet.
906 4362 1081 4432 Oalig.
1121 4380 1166 4417 c.
1202 4364 1264 4415 8:
1308 4364 1437 4415 ante
1472 4376 1681 4415 annum
1722 4359 1838 4414 sere
1876 4358 2065 4428 (quam
2111 4360 2280 4415 Gaius
2318 4361 2585 4432 Caligula)
2625 4362 2715 4417 Ti-

417 4449 545 4504 buri
580 4455 758 4505 natus.

1357 4529 1753 4593 “fl—“-
