3037 4913
1483 279 1548 332 le

365 441 498 529 tate
541 453 899 519 abhorrere.
937 471 1090 516 nam
1133 459 1196 517 et
1242 451 1476 517 Gaium
1522 452 1590 516 in
1636 450 1866 517 castris
1908 450 2208 533 genitum
2242 451 2446 517 fuisse
2486 451 2656 535 ipsis

368 553 647 621 auctoris
700 553 913 619 verbis
972 572 1270 636 perverse
1325 550 1581 618 addidit
1638 558 1701 617 et
1740 551 2169 635 Agrippinam
2213 550 2295 615 ad
2342 552 2657 621 Treveros

367 654 720 740 profectam
771 673 912 719 esse
966 653 1130 718 falso
1193 652 1524 718 indicavit.
1582 672 1744 734 quae
1804 673 1843 716 a
1886 652 2114 718 Tacito
2177 660 2446 737 peccata
2489 652 2659 736 quod

369 754 729 823 accuratius
778 754 1098 836 latiusque
1140 774 1330 836 quam
1379 772 1495 837 pro
1539 751 1661 817 hac
1706 751 2157 818 dissertatione
2199 759 2420 833 nostra
2462 772 2657 838 expo-

367 856 628 938 suimus,
699 874 887 938 spero
948 854 1203 920 veniam
1268 854 1453 919 nobis
1518 854 1671 919 fore.
1717 873 1864 918 nam
1915 853 2246 937 rationem,
2291 872 2456 936 quae
2492 854 2661 919 inter

368 955 667 1021 Tacitum
713 962 776 1019 et
820 962 1143 1022 auctorem
1189 955 1327 1019 eius
1377 953 1752 1037 intercedat,
1803 953 2035 1019 acriter
2078 959 2550 1038 perscrutantes
2591 952 2660 1019 id
2721 948 2748 961 “

365 1054 769 1140 potissimum
789 1054 1055 1138 egimus,
1091 1062 1158 1119 ut
1189 1053 1434 1120 duobus
1476 1054 1788 1140 exemplis
1820 1053 2110 1120 Nissenii
2144 1053 2658 1119 confirmaremus

364 1154 784 1222 sententiam:

533 1257 695 1321 Vom
738 1254 1140 1339 Standpunct
1182 1254 1565 1321 nuchterner
1610 1255 1830 1327 Kritik
1884 1276 1999 1322 aus
2041 1255 2127 1321 ist
2160 1254 2315 1338 jede
2357 1253 2655 1321 Bearbei-

364 1366 522 1441 tung
560 1357 739 1422 einer
782 1355 1332 1440 geschichtlichen
1376 1355 1619 1438 Quelle,
1675 1355 1905 1422 sobald
1951 1357 2046 1421 sie
2089 1355 2265 1420 nicht
2308 1375 2503 1423 neues
2547 1373 2656 1439 ge·

364 1456 816 1524 schichtliches
859 1456 1155 1522 Material
1193 1456 1578 1539 hinzutr'agt,
1638 1456 1928 1540 zugleich
1982 1456 2124 1521 eine
2169 1455 2477 1538 Trubung
2526 1453 2657 1521 und

365 1557 983 1641 Verschlechterung
1027 1557 1377 1627 derselben.
1424 1555 1661 1641 (Rhein
1705 1557 1864 1622 Mus.
1915 1557 2138 1621 XXVI
2185 1554 2354 1640 514).

560 1657 690 1727 Sed
736 1677 1119 1741 quamquam
1176 1658 1432 1743 singula
1493 1658 1809 1741 quaedam
1864 1658 2134 1724 Tacitea
2171 1656 2431 1723 veritati
2474 1676 2655 1740 repu-

365 1768 583 1844 gnant,
628 1766 861 1842 tamen,
906 1767 975 1825 ut
1016 1765 1152 1825 tota
1200 1760 1415 1825 Taciti
1464 1759 1832 1825 narratione
1879 1758 2218 1845 repudiata
2261 1757 2654 1843 paucissima

361 1861 594 1929 Dionis
626 1862 820 1926 verba
864 1867 1240 1943 sequamur,
1267 1861 1457 1926 certis
1502 1860 1890 1936 testimoniis
1936 1880 2064 1925 non
2107 1858 2485 1924 adducimur
2523 1858 2650 1923 nisi

365 1962 469 2027 his
512 1961 800 2039 fortasse,
850 1980 1015 2043 quae
1059 1960 1399 2044 Suetonius
1446 1960 1525 2025 de
1585 1961 1967 2045 imperatore
2011 1960 2310 2044 Caligula
2357 1966 2507 2044 post
2547 1976 2652 2023 ex-

363 2062 713 2147 peditionis
774 2061 1196 2127 Germanicae
1261 2062 1608 2127 ludibrium
1672 2082 1729 2126 a.
1780 2066 1861 2124 40
1929 2063 2212 2137 Romam,
2258 2060 2543 2126 redituro
2585 2060 2653 2124 in

364 2165 502 2230 vita
542 2164 682 2230 eius
725 2185 778 2229 c.
824 2167 902 2227 48
942 2164 1161 2231 affert:

558 2265 942 2348 Priusquam
984 2264 1321 2349 provincia
1366 2263 1721 2346 decederet,
1771 2265 2111 2331 consilium
2145 2265 2294 2330 iniit
2334 2265 2653 2331 nefandae

365 2365 722 2432 atrocitatis
781 2365 1085 2448 legiones,
1146 2385 1312 2448 quae
1354 2374 1501 2449 post
1560 2386 1891 2432 excessum
1941 2366 2216 2450 Augusti
2272 2365 2653 2433 seditionem

363 2468 517 2534 olim
560 2477 907 2551 moverant,
950 2466 1454 2550 contrucidandi‚
1498 2467 1672 2551 quod
1717 2475 1779 2533 et
1823 2474 2069 2552 patrem
2115 2488 2299 2533 suum
2323 2466 2652 2533 Germani·

364 2590 508 2635 cum
549 2568 775 2635 ducem
836 2576 899 2635 et
955 2588 1025 2635 se
1083 2568 1395 2634 infantem
1455 2576 1607 2634 tunc
1670 2567 2073 2634 obsedissent
2135 2568 2371 2650 vixque
2429 2589 2469 2633 a
2521 2576 2652 2636 tam

362 2668 705 2755 praecipiti
762 2670 1151 2754 cogitatione
1206 2677 1562 2753 revocatus,
1618 2669 1898 2735 inhiberi
1945 2671 2123 2737 nullo
2176 2667 2365 2734 modo
2424 2668 2650 2751 potnit,

365 2769 522 2854 quin
565 2767 885 2835 decimare
927 2770 1094 2835 velle
1138 2779 1594 2854 perseveraret,
1639 2779 1902 2837 vocatas
1952 2772 2170 2853 itaque
2210 2769 2294 2834 ad
2324 2768 2652 2834 contiones

365 2872 640 2937 inermes
684 2876 876 2953 atque
920 2871 1116 2936 etiam
1158 2870 1399 2954 gladiis
1443 2870 1757 2956 depositis
1797 2871 2085 2954 equitatu
2113 2876 2357 2936 armato
2387 2869 2651 2934 circum·

363 2970 560 3036 dedit.
607 2970 724 3038 sed
768 2991 910 3037 cum
951 2970 1202 3038 videret
1255 2978 1555 3060 suspecta
1603 2990 1674 3035 re
1716 2972 2055 3055 plerosque
2105 2969 2309 3035 dilabi
2354 2970 2441 3036 ad
2480 2989 2650 3035 resu-

363 3070 612 3153 menda,
657 3071 714 3136 si
758 3088 888 3153 qua
926 3072 1027 3137 vis
1069 3071 1265 3154 fieret,
1311 3091 1507 3153 arma,
1563 3071 1846 3154 profugit
1889 3071 2248 3136 contionem
2291 3069 2652 3136 confestim*

365 3190 488 3252 que
535 3169 755 3236 urbem
810 3171 986 3253 petit.

533 3272 711 3336 Haec
752 3270 862 3352 qui
906 3270 1197 3353 legerint,
1252 3278 1488 3355 negent
1532 3271 1805 3337 fortasse
1841 3279 2060 3337 tantae
2105 3272 2458 3340 atrocitatis
2507 3291 2652 3337 con-

363 3371 580 3438 silium
624 3370 857 3436 Gaium
899 3369 1205 3439 initurum
1249 3371 1469 3455 fuisse,
1534 3372 1591 3438 si
1647 3373 2104 3439 tumultuantes
2163 3372 2316 3438 olim
2366 3372 2652 3457 legiones

366 3478 711 3557 conspectu
752 3490 867 3536 suo
912 3470 997 3536 ad
1041 3471 1320 3538 officium
1373 3491 1593 3539 versas
1636 3491 1777 3539 esse
1820 3478 2071 3557 gratam
2109 3474 2480 3539 memoriam
2523 3493 2651 3540 ser-

365 3579 615 3655 vasset3
683 3580 748 3638 at
811 3570 981 3654 quod
1048 3572 1493 3638 crudelissima
1555 3571 1878 3658 supplicia
1941 3573 2023 3638 ab
2084 3572 2168 3639 iis
2214 3593 2463 3639 sumere
2506 3581 2653 3658 post

363 3679 459 3738 tot
515 3691 824 3738 annorum
876 3672 1154 3757 spatium
1211 3692 1456 3739 summo
1510 3671 1741 3738 ardore
1792 3669 2125 3757 flagrabat,
2186 3673 2358 3752 haud
2415 3692 2649 3758 parvas

365 3771 636 3840 iniurias
682 3772 902 3856 fuisse,
968 3793 1126 3855 quas
1172 3794 1241 3839 se
1292 3793 1557 3858 puerum
1600 3793 1639 3837 a
1683 3773 1994 3842 militibus
2040 3773 2368 3857 accepisse
2411 3775 2479 3840 in
2523 3794 2648 3839 me·

365 3873 571 3939 moria
609 3873 939 3940 tenuisset.
1510 3869 1520 3876 ’

565 3972 804 4038 Contra
841 3973 1346 4039 obliviscendum
1395 3994 1524 4040 non
1573 3980 1687 4056 est,
1738 3974 1907 4056 quod
1965 3975 2308 4060 imperator
2353 3974 2651 4059 Caligula

367 4081 576 4140 mente
619 4082 843 4159 captus
871 4085 1025 4140 erat.
1071 4095 1268 4157 quare
1311 4074 1393 4140 ab
1438 4073 1668 4140 iisdem
1712 4074 2091 4159 legionibus,
2137 4094 2301 4158 quae
2346 4094 2461 4140 suo
2508 4095 2650 4141 con·

367 4182 591 4256 spectu
651 4171 733 4239 ad
798 4173 1256 4259 poenitentiam
1320 4172 1529 4239 flexae
1592 4174 1880 4258 fuissent,
1947 4195 2062 4260 pro
2107 4174 2453 4241 rebellione
2498 4174 2652 4240 olim

366 4283 668 4359 suscepta
709 4274 902 4339 istum
945 4273 1381 4341 atrocissimas
1426 4294 1668 4360 poenas
1722 4283 2007 4361 repetere
2051 4276 2332 4343 voluisse
2380 4297 2508 4342 non
2561 4276 2653 4341 ita

367 4373 557 4459 plane
599 4372 961 4457 negandum
1004 4383 1117 4441 est.
1182 4383 1249 4440 at
1312 4377 1370 4442 si
1430 4377 1574 4459 quis
1619 4376 1970 4461 negaverit,
2010 4384 2313 4459 tanquam
2339 4453 2340 4456 Ἴ
2363 4395 2488 4441 uno
2531 4374 2641 4441 ad·
