3037 4913
1498 728 1571 830 Ι.

586 1023 683 1085 De
740 1022 821 1086 iis
890 1022 1095 1105 rebuS,
1152 1042 1315 1103 quae
1385 1029 1531 1107 post
1590 1037 1922 1087 excessum
1980 1021 2116 1085 divi
2176 1021 2447 1105 Augusti
2503 1022 2681 1106 apud

390 1122 795 1187 Pannonicas
827 1130 891 1186 et
918 1121 1335 1186 Germanicas
1369 1122 1656 1205 legiones
1689 1128 1910 1205 gestae
1941 1129 2105 1205 sunt,
2156 1122 2364 1205 prima
2392 1122 2684 1203 quaestio

389 1222 575 1289 nobis
619 1223 1016 1289 instituenda
1058 1230 1171 1288 est.
1217 1241 1376 1303 quas
1419 1244 1522 1287 res
1545 1224 1810 1288 Tacitus
1857 1243 1911 1286 a.
1958 1224 1989 1285 I
2042 1226 2283 1285 16—52
2332 1222 2528 1288 latius
2575 1243 2683 1287 ex—

388 1322 673 1406 plicavit,
735 1324 863 1388 Dio
921 1323 1100 1388 LVII
1155 1328 1318 1386 4--6
1380 1323 1474 1388 ita
1534 1325 1601 1388 in
1667 1331 2035 1407 angustum·
2077 1322 2345 1387 deduxit
2408 1330 2477 1387 ut
2540 1344 2681 1388 cum

390 1445 639 1492 summa
679 1424 1115 1490 tantummodo
1162 1425 1522 1508 attingeret,
1582 1435 1715 1490 tum
1756 1445 1921 1507 quae
1962 1432 2025 1489 et
2069 1425 2137 1488 in
2184 1423 2461 1490 Chaucis
2507 1424 2684 1503 (Tac.

390 1545 445 1588 a.
491 1526 523 1589 Ι
569 1524 672 1606 38)
716 1533 779 1590 et
826 1523 1072 1594 Castris
1118 1526 1456 1594 Veteribus
1515 1529 1646 1608 (45,
1693 1531 1792 1604 48,
1842 1528 1950 1604 49)
2011 1533 2073 1590 et
2117 1526 2358 1592 Romae
2403 1526 2528 1608 (46,
2575 1528 2680 1606 47)

390 1633 536 1692 acta
575 1634 742 1709 sunt,
790 1626 1054 1691 omnino
1092 1627 1644 1710 praetermitteret.
1694 1634 1976 1691 attamen
2026 1626 2254 1692 mirum
2316 1626 2381 1689 in
2426 1624 2679 1690 modum

386 1726 641 1809 utrique
686 1727 1106 1794 consentiunt.
1162 1728 1241 1793 de
1301 1748 1425 1810 quo
1472 1748 1786 1794 consensu
1831 1728 1925 1792 ita
1966 1727 2152 1792 nobis
2203 1725 2522 1810 agendum
2567 1733 2681 1809 est,

388 1835 459 1893 ut
531 1829 819 1913 exceptis
888 1828 1229 1909 nonnullis,
1303 1828 1383 1892 de
1461 1829 1690 1910 quibus
1772 1828 1943 1894 infra
2012 1827 2408 1911 disseretur,
2456 1834 2684 1905 cuncta

386 1928 640 1994 Dionea
680 1949 822 1994 cum
868 1927 1153 1992 Taciteis
1198 1928 1615 1993 conferamus,

908 2035 965 2092 4.

471 2123 886 2214 ἐθορύβησαν
946 2128 1065 2210 μέν
1106 2124 1222 2215 γὰρ
1272 2130 1379 2193 καὶ
1425 2125 1484 2194 οὶ

388 2231 455 2298 ἐν
526 2242 605 2321 τῇ
679 2229 1008 2316 Παννονίᾳ
1078 2233 1487 2314 στρατιῶται,

389 2328 618 2417 ἐπειδή
682 2327 956 2413 τάχιστα
1001 2333 1116 2419 τῆς
1162 2335 1278 2394 τοῦ
1341 2324 1487 2393 Αὖ-

386 2427 663 2516 γούστου
723 2432 1123 2518 μεταλλαγῆς
1172 2424 1483 2522 ᾔσθοντο.

391 2534 494 2615 (cf.
543 2535 777 2617 infra):
831 2531 896 2598 ἐν
939 2528 1057 2616 γὰρ
1102 2538 1198 2622 τῇ
1238 2559 1483 2617 μετα-

386 2634 608 2723 βολῇ
681 2638 833 2722 τῆς
920 2635 1202 2720 ἀρχῆς
1278 2630 1486 2701 πάνθ’

389 2730 511 2801 ὅσα
555 2731 950 2816 ἐπεθύμουν,
996 2730 1037 2823 ἢ
1063 2728 1262 2803 αυτὸν
1292 2736 1483 2824 ἐκφο-

384 2827 698 2919 βήσαντες
761 2829 807 2918 ἢ
860 2836 965 2899 καὶ
1006 2828 1180 2924 αλλῳ
1227 2839 1352 2903 τινὶ
1408 2839 1483 2902 τὸ

385 2928 622 3017 κράτος
711 2936 951 3021 δόντες,
1053 2934 1485 3021 καταπραξειν

385 3026 674 3119 ἤλπιζον.

469 3136 576 3201 καὶ
618 3133 1050 3215 συνελθόντες
1096 3137 1159 3215 ἐς
1225 3135 1294 3203 ἓν
1356 3143 1483 3202 τεῖ-

386 3260 521 3318 χος,
582 3236 686 3302 καὶ
740 3237 947 3303 ἐκεῖνο
999 3236 1482 3324 κρατυνάμενοι,

387 3333 603 3402 πολλοὶ
614 3339 722 3402 καὶ
734 3337 1158 3406 στασιαστικοὶ
1178 3338 1487 3423 ἔπραξαν.

472 3433 555 3504 τά
599 3463 671 3505 τε
711 3439 829 3523 γὰρ
874 3432 1034 3506 ἄλλα
1078 3441 1185 3506 καὶ
1230 3437 1347 3508 τὸν
1374 3435 1486 3525 ἃρ-

384 3533 581 3618 χοντά
635 3562 827 3626 σφων
876 3531 1139 3607 Ἰούνιον
1196 3544 1486 3608 Βλαῖσον

384 3629 773 3706 ἄποκτεῖναι
818 3640 1262 3726 ἐπεχείρησαν,
1332 3637 1486 3720 τούς

384 3761 455 3803 τε
501 3734 777 3817 δούλους
806 3733 1015 3809 αὐτοῦ
1057 3737 1488 3824 συλλαβόντες

386 3833 785 3919 ἐβασάνισαν.

471 4232 571 4320 τό,
633 4262 704 4303 τε
771 4236 1037 4322 σύμπαν
1095 4229 1249 4305 οὗθ’
1315 4236 1485 4323 ὑπὲρ

386 4333 722 4403 ἑκκαίδεκα
810 4336 922 4426 ἔτη
1001 4336 1486 4423 στρατεύεσθαι

386 4427 659 4521 ἤθελον,
721 4438 828 4502 καὶ
892 4440 1183 4526 δραχμήν
1247 4435 1483 4526 ἡμερη-

2010 2032 2268 2092 16-30,

1679 2133 1786 2191 16:
1873 2130 1994 2193 Hic
2052 2149 2259 2193 rerum
2304 2128 2686 2196 urbanarum

1588 2238 1791 2301 status
1857 2236 2010 2306 erat,
2079 2250 2218 2294 cum
2279 2228 2685 2293 Pannonicas

1588 2331 1875 2416 legiones
1908 2331 2142 2395 seditio
2173 2328 2459 2411 incessit,
2489 2328 2683 2393 nullis

1586 2432 1771 2498 novis
1817 2432 2048 2514 causiS,
2105 2430 2234 2495 nisi
2276 2427 2447 2513 quod
2486 2435 2685 2495 muta—

1585 2542 1686 2598 tus
1725 2534 2029 2614 princeps
2090 2531 2417 2597 licentiam
2473 2531 2683 2595 turba-

1586 2654 1727 2717 rum
1779 2639 1844 2698 et
1906 2653 1987 2698 ex
2039 2632 2217 2698 civili
2275 2633 2441 2699 bello
2501 2652 2682 2717 spem

1587 2735 2017 2820 praemiorum
2060 2732 2452 2800 ostendebat.

1678 3144 1786 3202 18:
1834 3147 2154 3224 postremo
2199 3159 2274 3205 eo
2316 3138 2548 3204 furoris
2580 3159 2683 3203 ve-

1588 3260 1741 3305 nere
1784 3249 1854 3306 ut
1904 3248 2033 3307 tres
2086 3242 2373 3324 legiones
2417 3242 2685 3309 miscere

1589 3341 1658 3405 in
1699 3361 1890 3406 unam
1930 3341 2333 3423 agitaverint.

1675 3445 1782 3536 233
1868 3491 1880 3503 .
1940 3490 1953 3505 .
2011 3492 2022 3504 .
2071 3492 2081 3504 .
2131 3491 2144 3505 .
2198 3442 2373 3509 haud
2419 3445 2685 3509 multum

1587 3543 1669 3607 ab
1700 3543 1899 3608 exitio
1932 3543 2129 3624 legati
2161 3543 2428 3611 aberant
2463 3544 2683 3628 (paulo

1585 3645 1847 3725 supra):
1915 3693 1926 3705 .
1996 3693 2006 3704 .
2067 3692 2080 3705 .
2142 3693 2153 3706 .
2200 3650 2269 3711 ut
2317 3664 2467 3729 pars
2518 3643 2685 3708 mili-

1586 3749 1721 3806 tum
1762 3739 2154 3824 gladiatores
2187 3743 2295 3824 qui
2343 3762 2378 3807 e
2421 3740 2686 3807 servitio

1588 3840 1806 3906 Blaesi
1822 3848 2020 3923 erant,
2043 3861 2194 3924 pars
2221 3849 2495 3906 ceteram
2515 3841 2685 3923 ejus—

1576 3941 1723 4005 dem
1768 3939 2082 4007 familiam
2122 3942 2439 4009 vincirent
2481 3990 2495 4003 .
2543 3993 2554 4004 .
2606 3993 2617 4006 .
2666 3993 2678 4004 .

1577 4049 1641 4106 et
1705 4061 1925 4107 servos
1991 4041 2301 4109 adhibitis
2387 4041 2682 4109 cruciati-

1576 4143 1697 4208 bus
1747 4194 2004 4208 .....

1679 4247 1751 4306 17
1773 4268 1786 4307 :
1848 4291 2089 4309 .....
2136 4250 2203 4307 ut
2246 4244 2535 4326 singulos
2579 4242 2686 4307 de-

1587 4344 1804 4411 narios
1849 4351 2177 4422 mererent,
2240 4350 2458 4409 sextus
2515 4342 2686 4408 deci-

1584 4464 1724 4509 mus
1765 4443 2075 4527 stipendii
2120 4465 2323 4510 annus
2352 4444 2544 4510 finem
2573 4442 2683 4509 ad-
