3037 4913
1145 1278 1558 1389 Appendix
1610 1274 1688 1386 ¹).

665 1508 935 1597 Quibus
978 1511 1179 1577 annis
1221 1511 1295 1578 in
1339 1507 1723 1578 Germanii:
1762 1511 1974 1578 natae
2021 1509 2168 1579 sint

437 1641 839 1726 Agrippina
883 1645 958 1710 et
1001 1643 1330 1712 Drusilla
1366 1643 1691 1713 Caesaris
1727 1642 2142 1712 Germanioi
2180 1643 2397 1709 filiae.

469 1851 835 1936 Agrippina
875 1853 957 1917 M.
1001 1853 1331 1939 Agrippae
1375 1862 1439 1919 et
1482 1853 1689 1918 Iuliae
1742 1853 1880 1917 filia
1926 1871 2154 1917 novem
2222 1871 2257 1916 e
2300 1849 2561 1915 Germa-

269 1951 417 2018 nieo
461 1950 739 2017 Caesare
786 1952 1024 2018 liberos
1069 1954 1370 2038 suscepit,
1416 1973 1685 2036 quorum
1734 1962 1863 2019 tres
1909 1952 2112 2018 Gaius
2158 1959 2222 2018 et
2264 1951 2563 2016 Tiberius

270 2059 334 2116 et
377 2051 595 2136 ignoto
641 2053 1057 2136 praenomine
1099 2074 1257 2138 puer
1299 2054 1527 2139 primis
1570 2054 1801 2120 aetatis
1853 2054 2040 2119 annis
2086 2052 2257 2137 rapti
2298 2053 2566 2117 Romae-

273 2171 397 2235 que
443 2153 705 2217 eremati
726 2154 796 2235 2),
865 2153 1098 2235 reliqui
1152 2173 1265 2220 sex
1309 2155 1499 2233 Ner0,
1557 2156 1824 2237 Drusus,
1883 2153 2086 2219 Gaius
2149 2159 2568 2237 cognomento

272 2251 589 2335 Caligula,
628 2253 1012 2339 Agrippina,
1055 2255 1363 2338 Drusilla,
1410 2255 1653 2320 Livilla
1678 2256 1848 2340 patri
1880 2276 1934 2320 a.
1969 2259 2044 2319 19
2074 2260 2320 2320 mortuo
2350 2272 2566 2336 super-

271 2352 456 2418 stites
501 2352 758 2420 fuerunt
780 2358 851 2432 ⁸).
2608 2380 2616 2387 ·

473 2454 642 2519 Iulia
701 2453 942 2521 Livilla
985 2493 1060 2501 ——
1108 2477 1256 2520 nam
1311 2477 1454 2522 eum
1503 2465 1755 2522 ceterae
1799 2455 1975 2520 filiae
2009 2458 2080 2539 ⁴),
2140 2464 2274 2521 tum
2328 2454 2568 2520 Livilla

271 2555 676 2639 potissimum
751 2557 1085 2641 gentilicio
1147 2558 1405 2623 nomine
1459 2558 1631 2623 Iulia
1660 2558 1714 2633 ὁ)
1780 2556 2227 2641 appellabatur
2268 2594 2350 2601 —-
2393 2555 2566 2620 haud

271 2658 470 2723 multo
542 2665 689 2741 post
753 2658 1009 2723 initium
1053 2679 1107 2723 a.
1159 2662 1234 2721 18
1280 2658 1491 2724 Lesbo
1555 2658 1624 2725 in
1683 2659 1896 2725 insula
1960 2658 2309 2724 novissimo
2378 2663 2565 2742 partu

270 2758 449 2824 edita
492 2767 592 2825 est
622 2756 673 2839 ⁶)
744 2759 983 2844 quippe
1047 2759 1315 2824 minima
1384 2767 1540 2825 natu
1604 2759 1884 2825 filiarum
1950 2759 2161 2836 trium,
2213 2779 2376 2842 quas
2421 2777 2565 2823 eon-

268 2858 448 2924 tinuo
491 2859 770 2926 triennio
811 2860 1065 2944 genitas
1110 2881 1252 2927 esse
1298 2868 1568 2927 testatur
1612 2860 1953 2926 Suetonius
1972 2862 2044 2938 ⁷).
2089 2880 2213 2942 quo
2253 2860 2433 2925 nisus
2477 2867 2565 2924 te-

271 2959 573 3027 stimonio
619 2959 868 3027 Eekhel
909 2962 987 3026 D.
1033 2961 1109 3027 N.
1142 2963 1248 3027 VI.
1299 2984 1358 3047 p.
1392 2965 1511 3026 255
1559 2961 1627 3025 in
1670 2959 1840 3026 huno
1881 2959 2137 3026 modum
2178 2958 2501 3026 disseruit.

467 3061 658 3153 tIulia
688 3062 1055 3146 Agrippina
1095 3063 1470 3147 parentibus
1516 3061 1900 3127 Germanico
1930 3069 1995 3127 et
2021 3060 2388 3145 Agrippina
2414 3068 2566 3125 nata

270 3169 369 3227 est
408 3161 476 3225 in
521 3161 760 3247 oppido
804 3162 1132 3240 Ubiorum,
1182 3160 1351 3245 quod
1393 3163 1474 3229 ab
1527 3163 1673 3248 ipsa
1716 3162 1990 3228 subinde
2025 3161 2302 3227 deducta
2347 3181 2423 3226 eo
2466 3180 2564 3226 eo-

272 3260 452 3326 lonia
490 3261 965 3345 Agrippininae
1025 3283 1258 3328 nomen
1303 3264 1553 3349 aceepit
1583 3264 1651 3344 ⁸).
1700 3283 1936 3328 annum
1984 3282 2041 3327 u.
2087 3284 2138 3328 e.
2186 3267 2304 3328 769
2354 3265 2460 3343 (16
2505 3283 2564 3346 p.

270 3360 416 3427 Chr.
462 3362 569 3444 n.)‚
613 3380 738 3444 quo
777 3380 856 3426 ea
894 3370 1048 3427 nata
1091 3370 1204 3446 est,
1247 3383 1399 3428 eruo
1445 3383 1527 3427 ex
1568 3362 1893 3440 Suetonio,
1942 3383 2090 3427 nam
2133 3382 2275 3428 eum
2320 3362 2375 3427 is
2422 3380 2564 3447 pro-

267 3462 379 3529 dat
425 3461 808 3528 Germanico
852 3470 1038 3529 natas
1099 3463 1298 3530 fuisse
1341 3472 1470 3529 tres
1516 3484 1709 3530 sexus
1767 3463 2062 3529 feminini
2119 3462 2561 3547 Agrippinam,

472 3664 523 3731 l)
562 3662 662 3716 Eis
704 3665 929 3732 quaein
951 3662 1147 3718 Philol.
1187 3664 1293 3718 vol.
1316 3662 1512 3720 XXXI.
1554 3683 1608 3734 p.
1640 3665 1918 3720 185—188
1944 3663 2226 3733 disputavi
2263 3661 2335 3717 de
2368 3662 2568 3734 Agrip·

266 3751 431 3821 pinae
466 3750 636 3805 natali
674 3766 819 3804 anno
860 3750 964 3805 hoe
1024 3751 1147 3806 loeo
1186 3752 1498 3806 accuratius
1538 3753 1863 3806 retractatis
1912 3768 2025 3805 non
2076 3749 2414 3805 addidissem
2456 3767 2564 3804 am-

264 3838 500 3910 pliorem
537 3836 605 3892 de
642 3836 887 3892 Drusilla
935 3839 1354 3910 expositionem.
1406 3841 1512 3894 nisi
1551 3841 1716 3895 alteri
1752 3858 1819 3894 ex
1865 3839 2043 3894 altera
2088 3838 2401 3908 quaestioni
2455 3853 2563 3890 non

268 3924 579 3996 spernenda
614 3923 950 3980 adminicula
986 3921 1277 3981 aeoes'sura
1318 3926 1491 3982 fuisse
1528 3927 1943 3982 intellexissem.

466 4014 518 4078 2)
557 4011 976 4068 Orelli-Henzen
1016 4014 1146 4069 nris.
1185 4017 1307 4081 668,
1344 4017 1466 4079 669,
1507 4017 1631 4069 670.

473 4103 531 4172 8)
569 4101 720 4156 Suet.
759 4099 929 4169 Calig.
970 4103 1023 4168 7,
1058 4101 1128 4155 of.
1168 4102 1297 4157 Tae.
1337 4118 1387 4156 a.
1425 4102 1492 4156 II.
1534 4105 1626 4158 71:
1667 4106 1954 4157 numerate
1993 4119 2088 4157 sex
2126 4100 2347 4155 liberos.

468 4192 523 4252 4)
559 4187 974 4244 Orelli-Henzen
1013 4187 1118 4243 676
1160 4188 1372 4252 adnot„
1403 4190 1470 4244 ef.
1510 4190 1638 4245 Tae.
1689 4207 1738 4244 a.
1775 4190 1895 4245 XII.
1941 4192 1998 4242 1:
2050 4188 2192 4243 Iulia
2242 4187 2561 4256 Agrippina.

468 4278 525 4348 ὃ)
564 4276 692 4331 Tae.
731 4293 777 4330 a.
816 4275 882 4331 11.
922 4278 1006 4340 54.
1046 4275 1136 4332 Vl.
1182 4278 1265 4342 15,
1301 4278 1405 4333 Dio
1440 4277 1554 4333 LX.
1590 4281 1638 4332 4.

468 4363 525 4434 6)
563 4362 689 4419 Tae.
732 4379 779 4424 a.
828 4363 892 4418 ll.
932 4365 1017 4428 54,
1057 4364 1130 4420 ef.
1169 4365 1292 4420 init.
1337 4368 1422 4420 53.
1628 4366 1679 4432 7)
1719 4365 1870 4420 Suet.
1913 4363 2086 4434 Calig.
2131 4381 2178 4417 e.
2217 4365 2267 4416 8.

465 4451 518 4521 8)
553 4449 679 4506 Tae.
724 4467 771 4505 a.
809 4449 926 4508 xn.
971 4452 1055 4507 27.
