3037 4913
28 813 76 988 &Vr

382 390 610 464 λοιποὶ
657 386 958 477 ὑπήκοοι.
1009 387 1099 471 (ὃς
1134 380 1248 458 οὖν
1277 389 1486 471 πολύς

384 490 681 572 ἐνέκειτο,
746 486 803 556 οἱ
850 493 968 575 μὲν
1015 486 1194 560 ἄλλοι
1242 495 1349 560 καὶ
1392 486 1486 572 ὣς

383 584 719 677 ἀντέλεγον
761 594 987 681 δῆθεν,
1063 595 1167 660 καί
1224 594 1480 661 ἐδέοντο

385 685 584 768 αὐτοῦ
612 688 877 757 πάντων
904 686 1123 778 ὄρχεων
1143 713 1156 727 ·
1199 686 1486 774 Ἀσίνιος

384 795 455 860 δὲ
518 792 596 882 δὴ
665 791 910 874 Γάλλος
976 795 1305 883 παῤῥησίᾳ
1380 787 1485 861 oe’ee'

383 921 548 962 ποτε
637 892 914 985 πατρῴᾳ
1000 898 1125 962 καῖ
1173 893 1334 982 ὗπὲρ
1409 896 1479 963 τι)

381 997 717 1085 συμφέρον
825 989 1009 1083 αυτῷ
1128 994 1477 1081 χρώμενος,

381 1089 597 1189 (staff,
671 1094 817 1184 ἔφη,
886 1089 983 1191 ἣν
1024 1093 1103 1162 ἂν
1160 1095 1482 1187 ἐθελήσῃς

380 1192 683 1281 μοῖρανῖΔ
762 1199 868 1263 καὶ
968 1200 1264 1284 Γιβέριος
1355 1202 1480 1293 <nai

382 1300 528 1376 πῶς
571 1289 720 1364 οἷόν
763 1298 835 1363 τέ·
875 1291 1085 1376 ἐστιν,
1121 1292 1303 1378 εἷπε,
1348 1268 1482 1386 ἴτον

382 1388 585 1462 αυτὸν
633 1398 739 1463 καὶ
770 1399 984 1481 νέμειν
1029 1424 1094 1464 τι
1123 1399 1229 1465 καὶ
1281 1395 1480 1484 αιρεῖ-

383 1490 605 1577 naas,-
640 1498 853 1578 συνεὶς
889 1524 1011 1566 ουν
1045 1495 1082 1566 ὁ
1110 1507 1150 1566 1
1156 1496 1372 1585 1ἄλλος,
1416 1501 1483 1566 ἐν

387 1583 438 1685 ᾦ
481 1601 681 1670 κακοῦ
714 1594 1008 1685 ἐγεγόνει,
1043 1603 1138 1687 τῷ
1164 1626 1283 1684 μεν
1311 1597 1481 1688 λόγῳ

384 1695 718 1785 &aequum
721 1723 834 1770 σεν
868 1690 1086 1782 αὐτὸν,
1128 1694 1484 1782 ὑπολαβών

386 1796 507 1885 ὅτι,
610 1793 726 1882 οὐχ
791 1797 881 1878 ὥς
947 1802 1052 1867 καὶ
1119 1797 1195 1867 τὸ
1265 1802 1483 1886 τρίτον

383 1868 644 1982 &orwig
673 1923 813 1982 σου,
860 1892 995 1968 ἄλλ’
1042 1897 1133 1981 (ὃς
1161 1894 1484 1968 ἀδύνατον

385 1996 459 2066 ἣν
543 1998 664 2085 τήν
757 1995 956 2091 ἀρχὴν
1046 2002 1483 2086 διαιρεθῆναι,

387 2097 583 2168 τοῦτό
611 2125 715 2168 σοι
751 2094 1137 2187 προέτεινα.’
1182 2097 1273 2167 οὗ
1312 2103 1485 2186 μέν·

384 2227 510 2269 τοι
554 2204 690 2272 καὶ
744 2207 849 2289 τῷ
900 2200 1100 2289 ἔργῳ
1148 2198 1485 2269 §teactae-2·-

385 2323 515 2382 σει),
606 2294 772 2367 α’λλιὲ
843 2300 1057 2369 πολλὰ
1131 2305 1238 2369 καὶ
1310 2300 1487 2373 δεινὰ

384 2397 767 2486 προπαθων
825 2399 989 2487 μετὰ
1053 2408 1254 2475 ταῦτα
1326 2430 1480 2472 επα-

384 2499 697 2590 πεσφάγη.
779 2505 882 2570 καὶ
967 2528 1090 2589 γαρ
1178 2507 1283 2572 καὶ
1365 2502 1487 2593 τήν

381 2608 647 2688 γι·ναῖκα
705 2597 914 2669 αὐτοῦ
982 2603 1096 2692 τὴν
1156 2609 1484 2693 προτέραν

384 2698 773 2789 ἕγεγαμηκει,
852 2699 968 2767 τόν
1037 2729 1103 2770 τε
1187 2711 1484 2792 Δροῦσον

385 2800 474 2882 (ὃς
531 2798 675 2870 ιῖὁν
736 2810 1213 2890 προσεποιεῖτο
1281 2803 1485 2874 ὅθεν

384 2928 535 2988 περ
615 2905 749 2970 καὶ
838 2900 1265 2991 πρότερον
1353 2905 1484 2973 διὰ

383 3003 676 3087 palam-g
716 3030 927 3091 αυτῳ
971 2993 1079 3092 ἦν.

1498 219 1566 274 25

1577 393 1829 459 infimas
1875 393 2334 461 obtestationes
2386 400 2680 479 'procum-2

1577 492 1764 558 bente
1812 491 1978 557 dixit
2037 491 2200 558 forte
2257 493 2558 560 Tiberius
2606 517 2677 561 se

1576 599 1645 658 ut
1672 613 1803 658 non
1831 592 1947 659 toti
1978 592 2072 658 rei
2103 593 2403 677 publicae
2431 615 2672 680 parem,

1576 695 1670 759 ita
1699 713 2113 777 quaecunque
2146 715 2296 779 pars
2341 695 2467 761 sibi
2498 717 2675 762 man-

1579 793 1854 877 daretur,
1883 794 2023 860 eius
2054 796 2318 862 tutelam
2348 804 2676 884 susceptus

1578 915 1732 960 rum.
1777 901 1910 960 tum
1954 894 2218 962 Asinius
2263 896 2508 982 Gallus,
2553 899 2676 991 ‹In-

1576 985 1866 1078 terrogo'‚
1903 994 2128 1077 inquit,
2175 995 2453 1088 tCaesar,
2487 1019 2676 1081 quam

1576 1102 1821 1179 partem
1866 1096 1961 1161 rei
2025 1096 2321 1181 publicae
2382 1099 2674 1165 mandari

1576 1196 1696 1262 tibi
1727 1187 1925 1261 velis'.
1968 1198 2299 1280 perculsus
2325 1198 2679 1283 improvisa

1580 1297 2079 1381 interrogatione
2100 1298 2386 1382 paullum
2404 1300 2675 1383 reticuit,

1578 1396 1728 1463 dein
1761 1396 2026 1464 collecto
2064 1398 2279 1463 animo
2308 1398 2668 1483 respondit:

1578 1515 1979 1580 nequaquam
2070 1497 2369 1563 decorum
2445 1498 2676 1584 pudori

1576 1616 1691 1664 suo
1735 1597 1951 1681 legere
1992 1598 2241 1681 aliquid
2281 1606 2390 1664 aut
2432 1599 2676 1665 evitare

1575 1716 1658 1762 ex
1700 1718 1796 1777 eo,
1826 1698 1930 1764 cui
1975 1698 2045 1764 in
2077 1699 2444 1766 universum
2487 1720 2674 1768 exem

1576 1798 1706 1865 sari
1782 1800 2021 1864 mallet.
2112 1820 2359 1867 rursum
2429 1801 2675 1886 Gallus,

1575 1897 1812 1964 etenim
1856 1899 2033 1965 vultu
2065 1901 2483 1970 offensionem
2529 1921 2674 1968 con-

1579 1998 1944 2082 iectaverat,
2004 2020 2130 2067 non
2193 2002 2434 2072 idcirco
2479 2003 2677 2070 inter-

1578 2106 1889 2184 rogatum,
1912 2102 2023 2185 ait,
2054 2109 2124 2169 ut
2164 2101 2482 2168 divideret
2513 2111 2678 2183 quae

1579 2202 1865 2291 separari
1899 2204 2256 2286 nequirent,
2302 2201 2420 2267 sed
2466 2208 2536 2267 ut
2563 2221 2680 2270 sua

1579 2303 1984 2370 confessione
2056 2309 2425 2387 argueretur
2485 2322 2680 2374 unum

1579 2424 1719 2471 esse
1766 2404 1859 2471 rei
1890 2404 2187 2491 publicae
2221 2423 2450 2488 corpus
2486 2409 2680 2487 atque

1577 2506 1766 2572 unius
1798 2507 2014 2572 animo
2036 2506 2400 2591 regendum.
2427 2504 2679 2571 addidit

1578 2607 1832 2673 laudem
1878 2606 1958 2671 de
2001 2607 2293 2690 Augusto
2318 2607 2679 2673 Tiberium-

1579 2728 1700 2790 que
1728 2708 1939 2792 ipsum
1979 2707 2391 2773 victoriarum
2421 2724 2681 2773 suarum

1580 2828 1870 2891 quaeque
1900 2809 1966 2873 in
1999 2815 2152 2892 toga
2195 2829 2310 2893 per
2339 2814 2431 2899 tot
2478 2827 2679 2873 annos

1582 2910 1841 2993 egregie
1873 2909 2149 2991 iecisset,
2187 2908 2534 2976 admonuit.
2571 2929 2679 2974 nec

1576 3009 1716 3076 ideo
1758 3010 1921 3075 iram
1982 3009 2121 3074 eius
2163 3009 2392 3076 lenivit
2422 3009 2681 3091 pridem

1577 3113 1820 3177 invisus
1859 3118 2161 3192 tanquam
2212 3109 2404 3178 ducta
2435 3111 2502 3176 in
2546 3130 2678 3177 ma-

1579 3211 1946 3278 trimonium
1989 3212 2307 3297 Vipsania
2343 3211 2424 3277 M.
2447 3211 2679 3297 Agrip·

1577 3333 1700 3398 pae
1717 3313 1873 3389 filia,
1903 3332 2065 3396 quae
2088 3312 2408 3396 quondam
2429 3311 2679 3377 Tiberii

1577 3430 1740 3477 uxor
1779 3412 2005 3495 fuerat,
2050 3413 2192 3497 plus
2223 3432 2416 3496 quam
2457 3411 2679 3490 civilia

1578 3512 1855 3596 agitaret
1935 3513 2375 3595 Pollionisque
2465 3512 2678 3578 Asinii

1579 3613 1783 3698 patris
1826 3613 2132 3679 ferociam
2177 3613 2492 3679 retineret.

582 3711 739 3776 Tali·
778 3712 1112 3779 verborum
1164 3713 1503 3779 consensui
1548 3714 1724 3779 nullo
1767 3711 1958 3779 modo
2005 3713 2233 3789 obstat,
2299 3712 2471 3795 quod
2514 3731 2679 3794 quae

384 3811 615 3879 Asinio
661 3812 961 3879 Tiberius
1018 3812 1371 3898 respondit,
1426 3813 1594 3880 inter
1645 3821 1947 3897 utrosque
1989 3833 2114 3878 non
2160 3812 2253 3878 ita
2294 3813 2486 3897 plane
2533 3832 2677 3878 con-

384 3919 638 3999 gruunt.
682 3922 904 3980 nostra
947 3915 1116 3980 enim
1157 3918 1367 3981 aetate
1398 3915 1742 4000 scriptores
1786 3935 2013 3993 rerum,
2061 3920 2366 3997 qnantum
2409 3920 2679 3997 possunt

382 4012 637 4096 integra
681 4013 1028 4080 locutornm
1072 4015 1269 4081 verba
1316 4023 1379 4081 et
1422 4015 1814 4099 investigare
1861 4016 1927 4080 in
1966 4015 2128 4081 actis
2159 4012 2677 4096 investigataque

385 4113 663 4200 posteris
710 4114 962 4181 tradere
1006 4122 1175 4182 recte
1218 4115 1501 4199 student;
1557 4124 1624 4182 at
1668 4124 1916 4183 veteres
1960 4116 2095 4181 tale
2133 4114 2413 4182 studium
2459 4133 2498 4177 a
2539 4112 2677 4177 veri
2750 4162 2766 4175 .

383 4214 676 4282 historici
709 4236 970 4282 munere
1014 4215 1355 4282 abhorrere
1387 4217 1553 4283 falso
1590 4224 1889 4303 putantes
1921 4237 2048 4283 non
2087 4217 2292 4283 solum
2336 4214 2674 4293 orationes,

384 4313 501 4382 sed
542 4315 740 4382 etiam
793 4316 1055 4402 singula
1098 4315 1278 4385 dicta
1335 4317 1522 4384 novis
1574 4337 1824 4403 semper
1868 4319 2082 4384 verbis
2128 4317 2485 4403 exprimere
2531 4334 2677 4381 con-

385 4422 663 4481 suerant.
727 4417 897 4483 unde
939 4417 1199 4501 saepius
1245 4416 1321 4483 id·
1358 4417 1653 4484 accidere
1699 4437 1960 4484 necesse
2002 4424 2159 4500 erat,
2205 4424 2274 4483 ut
2317 4416 2506 4502 longe
2546 4413 2680 4480 alia

2545 4508 2568 4561 Ο
