3037 4913
1389 218 1457 272 28

283 382 637 477 συνήθεσιν
734 373 940 471 οὖσιν,
1026 377 1189 452 ἀλλά
1271 385 1378 452 καὶ

284 484 546 572 ἔχαιρον
609 488 714 552 καὶ
751 485 989 569 βελτίω
1047 486 1153 553 καὶ
1196 479 1378 552 ‹3626-

280 610 478 672 στερα
521 579 701 671 αὐτὰ,
733 571 824 651 ὧν
868 576 1125 674 ἤκουον,
1178 583 1378 672 ὁρῶν-

280 712 389 765 τες
433 678 603 756 ὄντα,

482 790 612 857 Sed
657 790 773 855 hos
818 790 994 874 ipsos
1055 791 1227 856 locos
1274 798 1582 874 tanquam
1627 800 1801 858 certa
1844 792 2103 858 tandem
2158 793 2576 868 fundumenta

283 892 454 958 nacti
523 911 918 958 communem
985 892 1237 975 utrique
1304 893 1544 958 fontem
1615 893 1815 960 fuisse
1880 894 2255 978 negaverint
2302 894 2575 972 fortasse

283 991 592 1058 nonnulli.
661 992 770 1074 qui
816 991 1096 1084 quidem,
1138 1001 1205 1058 ut
1249 993 1478 1059 Tacito
1535 994 1676 1079 ipso
1738 994 1952 1079 potius
1995 994 2273 1060 Dionem
2319 1002 2577 1066 auctore

284 1113 470 1159 usum
514 1113 656 1159 esse
700 1092 1111 1170 affirmarent,
1152 1094 1220 1159 in
1265 1094 1434 1160 hunc
1480 1095 1614 1160 fere
1657 1094 1914 1161 modum
1954 1095 2379 1179 argumentati
2432 1096 2580 1162 sint.

481 1194 575 1258 Ac
619 1193 894 1278 primum
939 1193 1197 1276 quidem
1243 1194 1513 1260 Tacitea
1581 1215 1744 1286 ccum
1808 1194 2191 1260 ferocissimi
2235 1215 2349 1280 per
2403 1195 2576 1261 acies

286 1302 395 1360 aut
421 1294 887 1380 proscriptione
915 1286 1319 1360 cecidissent'
1342 1294 1558 1361 verbis
1599 1295 1702 1361 his
1748 1296 1943 1388 tnullo
1990 1286 2393 1361 adversante'
2437 1303 2575 1362 arto

283 1393 779 1460 necessitudinis
825 1394 1081 1461 vinculo
1124 1415 1267 1460 cum
1311 1395 1414 1480 iis,
1461 1416 1626 1479 quae
1685 1417 1880 1482 supra
1946 1396 2189 1480 scripta
2248 1403 2412 1480 sunt,
2476 1416 2577 1462 co-

287 1493 568 1560 haerent.
614 1501 680 1560 at
724 1494 965 1560 similia
1010 1495 1110 1561 iis·
1134 1496 1413 1561 Dionea:
1483 1499 1616 1560 τῶν
1656 1495 1775 1578 μὲν
1820 1497 1935 1580 γὰρ
1992 1494 2062 1560 ἐκ
2108 1498 2221 1580 τῆς
2263 1496 2580 1581 δημοκρα-

284 1595 428 1673 τίας
470 1587 728 1679 ἀνδρῶν
784 1594 890 1659 καὶ
937 1590 996 1658 oi
1064 1595 1332 1674 πλείους
1376 1595 1481 1661 καὶ
1531 1590 1594 1660 οἱ
1647 1589 2083 1679 δυνατώτεροι
2130 1586 2580 1662 ἀπωλώλεσαν

288 1717 430 1762 cum
467 1696 781 1781 proximis
825 1696 1147 1781 prioribus
1192 1697 1433 1763 verbis:
1482 1687 1600 1760 σῦκ
1632 1690 1968 1776 ἐλάχιστον
2000 1681 2177 1760 δὀὖν
2203 1687 2380 1780 αἰτῴ
2410 1689 2581 1779 πρὸς

289 1786 589 1877 εὐδοξίαν
631 1795 738 1862 καὶ
780 1791 866 1861 τι)
915 1791 1464 1880 πολυχρόνιον
1506 1799 1622 1881 τῆς
1664 1792 2045 1881 ἢγεμονείας
2085 1789 2404 1887 συνῄρατο
2452 1816 2581 1888 non

288 1898 381 1963 ita
419 1899 611 1983 plane
656 1898 1076 1981 consentiunt.
1149 1898 1384 1964 etenim
1423 1898 1852 1983 paucissimos
1897 1919 1979 1963 an
2022 1900 2333 1983 plurimos
2379 1917 2580 1963 annos

291 1998 617 2082 Augustus
663 1998 1114 2082 imperitasset,
1161 1999 1310 2065 huic
1351 2019 1659 2064 annorum
1728 1999 2201 2084 discrepantiae
2261 1997 2582 2064 ferocissi-

291 2118 534 2164 morum
600 2098 1113 2164 adversariorum
1177 2100 1473 2166 interitus
1528 2100 1766 2165 nullius
1809 2100 2113 2165 momenti
2173 2097 2313 2164 fuit.
2369 2106 2445 2163 at
2487 2098 2581 2162 in-

295 2199 580 2283 surgenti
626 2200 958 2284 paullatim
995 2206 1188 2284 atque
1226 2202 1444 2267 munia
1491 2208 1770 2285 senatus,
1817 2201 2324 2286 magistratuum,
2368 2200 2583 2283 legum·

295 2300 364 2366 in
408 2320 477 2366 se
516 2299 795 2368 trahenti
844 2300 1119 2386 principi
1166 2302 1394 2367 talium
1422 2302 1705 2367 virorum
1747 2302 1949 2368 fatum
1978 2298 2256 2367 maxime
2301 2300 2582 2382 contige.

295 2409 409 2469 rat.
452 2400 621 2468 unde
648 2401 941 2485 Dionem,
986 2421 1150 2485 quae
1181 2402 1262 2468 ab
1308 2409 1563 2469 auctore
1609 2403 1747 2469 eius
1793 2402 1871 2468 de
1917 2402 2177 2468 ineunte
2217 2399 2585 2488 principatu

295 2511 464 2569 recte
520 2503 762 2587 scripta
826 2512 1026 2587 erant,
1094 2502 1317 2568 eadem
1361 2503 1560 2569 verba
1602 2503 1682 2569 de
1728 2501 1949 2568 adulto
2012 2521 2313 2586 perverse
2373 2501 2585 2586 ipsum

294 2603 657 2670 reddidisse
683 2604 1023 2688 colligitur.
1065 2624 1257 2687 quam
1277 2605 1358 2670 ob
1382 2625 1534 2682 rem,
1584 2605 1642 2669 si
1672 2603 1899 2669 Tacito
1933 2603 2211 2668 Dionem
2250 2623 2367 2687 pro
2413 2602 2587 2667 fonte

296 2724 480 2771 usum
527 2723 667 2770 esse
710 2705 1119 2788 concesseris,
1165 2704 1298 2769 alia
1342 2704 1657 2788 quaedam
1699 2703 2069 2769 difficiliora
2097 2702 2405 2768 facillime
2450 2723 2491 2767 a
2524 2710 2587 2767 te

298 2803 738 2890 expedientur.
783 2825 929 2871 nam
963 2805 1241 2890 primum
1271 2805 1418 2888 Dio,
1448 2805 1751 2888 quoniam
1781 2804 2091 2870 absolutis
2122 2802 2398 2886 Augusti
2436 2808 2588 2868 tem·

295 2908 558 2993 poribus
599 2908 830 2974 merita
873 2898 1119 2992 egregii
1168 2906 1571 2993 imperatoris
1622 2905 2050 2987 enumerabat,
2108 2903 2176 2969 id
2220 2904 2432 2969 facere
2480 2902 2587 2967 de-

300 3009 490 3094 buit‚’
530 3016 600 3075 ut
662 3009 875 3076 Taciti
943 3010 1138 3075 verba
1197 3009 1470 3093 Augusti
1545 3008 1753 3073 famae
1817 3005 2328 3073 invidiosissima
2377 3003 2592 3096 ‘ceteri

300 3109 630 3193 nobilium,
675 3117 912 3194 quanto
957 3110 1100 3192 quis
1145 3109 1410 3175 servitio
1452 3107 1827 3193 promptior,
1865 3106 2094 3193 opibus
2137 3113 2202 3172 et
2243 3103 2591 3171 honoribus

302 3202 774 3278 extollerentur'
817 3212 1009 3296 plane
1054 3209 1389 3276 omitteret.
1433 3208 1623 3285 unde,
1671 3227 2054 3291 quamquam
2098 3205 2270 3292 apud
2295 3205 2592 3271 Tacitum

302 3302 760 3403 ‘ferocissimis’
820 3310 952 3376 illis
1009 3300 1246 3400 ‘ceteri'
1310 3309 1716 3395 respondent,
1767 3315 1981 3374 tamen
2046 3307 2284 3373 factum
2345 3311 2460 3385 est,
2523 3312 2593 3381 ut

303 3412 477 3498 apud
514 3412 789 3479 Dionem
832 3419 977 3498 post
1019 3412 1218 3478 verba
1278 3405 1362 3504 ‘oi
1408 3410 1678 3488 πλείους
1721 3409 1823 3474 καὶ
1873 3404 1932 3474 οἱ
1978 3399 2432 3490 δυνατώτεροι’
2475 3406 2593 3473 ali-

303 3533 433 3597 qua
493 3513 574 3579 de
640 3513 868 3579 ceteris
931 3512 1242 3579 nobilium
1285 3512 1700 3597 pronuntiata
1754 3509 2012 3575 omnino
2060 3507 2594 3574 desiderarentur.

305 3614 540 3681 deinde
586 3634 738 3680 vero
799 3614 995 3679 Dioni
1061 3613 1132 3678 id
1175 3613 1413 3698 agenti,
1462 3618 1532 3678 ut
1592 3611 1710 3677 sub
1756 3612 2054 3677 diuturno
2098 3608 2372 3693 Augusti
2420 3606 2594 3693 prin-

306 3715 523 3801 cipatu
571 3735 799 3780 novam
849 3714 1134 3780 subolem
1177 3713 1497 3781 evaluisse
1543 3711 1924 3795 ostenderet,
1983 3710 2063 3776 de
2109 3709 2210 3790 iis,
2259 3709 2367 3793 qui
2410 3706 2596 3773 novis

307 3835 387 3882 ex
432 3815 620 3881 rebus
669 3814 841 3880 aucti
886 3821 1084 3897 erant,
1152 3813 1402 3897 aliquid
1443 3833 1795 3879 memorare
1861 3812 2142 3876 alienum
2190 3816 2344 3875 erat.
2374 3900 2379 3905 ,
2405 3826 2596 3890 quam

309 3917 388 3983 ob
419 3936 555 3982 rem
581 3936 705 3981 non
735 3914 965 3995 ,scribit
991 3934 1119 3992 eOS,
1156 3914 1264 3997 qui
1294 3914 1495 3980 veteri
1529 3913 1620 3979 rei
1651 3912 1950 3997 publicae
1980 3910 2108 3996 ipsi
2140 3908 2597 3989 interfuissent,

307 4026 446 4086 tuta
512 4022 577 4083 et
617 4015 982 4102 praesentia
1045 4034 1238 4097 quam
1276 4022 1494 4080 vetera
1548 4021 1612 4080 et
1673 4013 2035 4098 periculosa
2096 4009 2418 4092 maluisse,
2483 4005 2598 4073 sed

308 4120 471 4186 tales
516 4118 732 4204 potius
778 4117 969 4200 viros,
1011 4115 1119 4198 qui
1165 4115 1522 4200 imperante
1578 4117 1866 4199 Augusto
1909 4112 2044 4178 nati
2092 4110 2423 4193 adultique
2465 4126 2598 4173 rem

311 4219 637 4307 publicam
675 4238 805 4283 non
849 4216 1165 4295 vidissent
1203 4214 1572 4300 praeteritis
1622 4214 1774 4299 illis,
1836 4233 2000 4298 quae
2061 4210 2374 4291 audirent,
2416 4225 2599 4292 prae·

312 4318 524 4386 sentia
564 4326 855 4402 tempora
898 4316 1166 4382 meliora
1208 4322 1272 4381 et
1314 4314 1553 4381 tutiora
1598 4315 1996 4381 intellexisse
2041 4310 2216 4377 dicit.

512 4417 696 4482 Talis
740 4437 946 4502 neque
990 4418 1210 4503 inepta
1253 4414 1511 4500 quidem
1558 4413 2025 4501 argumentatio
2072 4430 2291 4477 eorum
2330 4409 2433 4490 sit,
2490 4403 2600 4488 qui

1003 4543 1040 4559 κ
