3037 4913
13 1713 24 1746 1

1059 226 1097 268 “’
1522 254 1587 305 13

407 424 561 507 quin
600 423 1038 509 Germanicus,
1097 445 1241 491 cum
1300 425 1709 509 iniquissimo
1753 425 1906 491 anni
1948 432 2235 511 tempore
2276 424 2535 490 brevem
2577 441 2694 489 ex·

410 544 661 591 cursum
705 526 773 592 in
813 525 1061 592 Marsos
1105 527 1364 606 faceret,
1410 547 1539 592 non
1582 533 1716 591 tam
1759 534 2011 610 gratum
2055 525 2369 592 militibus
2406 543 2477 591 se
2509 542 2693 607 prae-

412 626 560 690 here
600 644 793 707 quam
842 631 908 689 et
963 633 1242 691 veterem
1297 625 1713 711 disciplinam
1779 626 2117 692 restituere
2155 633 2222 690 et
2263 623 2703 708 redintegran-

412 725 535 792 dae
580 726 920 792 seditionis
967 726 1339 793 facultatem
1382 726 1697 792 militibus
1721 726 1991 810 ‚eripere
2036 725 2103 790 in
2147 725 2362 791 animo
2392 722 2704 789 habuerit.

411 842 617 906 neque
661 825 791 890 nisi
834 824 906 890 id
947 845 1091 892 eum
1135 827 1349 910 egisse
1393 826 1638 908 credas,
1707 845 1937 893 causas
1992 826 2158 892 ullas
2213 824 2512 909 reperies,
2560 824 2703 906 qui-

412 924 528 990 bus
583 933 938 992 commotus
998 926 1435 1010 Germanicus,
1509 935 1581 993 ut
1643 927 1756 994 uni
1819 927 2068 993 nationi
2137 917 2376 993 bellum
2420 924 2702 1006 inferret,

414 1024 751 1102 duodecim
792 1027 976 1092 milia
1042 1048 1077 1093 e
1137 1028 1517 1112 legionibus,
1584 1048 1700 1095 sex
1743 1036 1806 1093 et
1852 1028 2086 1112 viginti
2130 1027 2343 1093 socias
2394 1024 2707 1107 cohortes,

411 1134 555 1192 octo
615 1122 901 1211 equitum
959 1130 1098 1194 alas
1158 1129 1263 1211 (cf.
1321 1129 1474 1198 Tac.
1534 1150 1583 1195 c.
1645 1132 1753 1211 49)
1814 1149 2039 1195 sexum
2098 1128 2370 1194 duxerit.
2428 1125 2706 1209 denique

412 1226 652 1294 bellum
693 1227 907 1312 ipsum
953 1249 988 1294 e
1030 1229 1317 1296 trucibus
1351 1230 1683 1296 etiamtum
1712 1230 1948 1296 animis
1971 1230 2247 1295 militum
2279 1227 2488 1311 magis
2509 1245 2704 1310 quam

407 1346 448 1393 θ
474 1325 845 1394 Germanici
892 1329 1074 1395 ducis
1122 1330 1384 1414 ingenio
1426 1331 1497 1396 in
1518 1322 1817 1397 'inermes
1861 1339 1973 1398 aut
2020 1331 2315 1415 palantes
2359 1329 2596 1405 hostes,
2634 1327 2706 1392 in

412 1428 686 1494 feminas
742 1429 1104 1512 liberosque
1162 1437 1345 1496 tanta
1408 1430 1744 1515 sanguinis
1799 1430 2112 1498 aviditate
2167 1437 2474 1513 tantoque
2512 1428 2705 1495 deva—

409 1526 627 1593 standi
684 1529 897 1594 furore
960 1530 1028 1595 in
1080 1532 1372 1615 profana.
1408 1531 1600 1597 simul
1648 1540 1711 1597 et
1755 1552 1943 1599 sacra
1987 1538 2238 1615 gestum
2282 1537 2553 1616 apparet
2596 1529 2702 1610 (cf.

411 1627 563 1695 Tae.
609 1651 662 1696 c.
710 1631 836 1713 51).

577 1729 717 1813 His,
763 1751 928 1814 quae
957 1732 1264 1818 deinceps
1308 1736 1740 1820 exposuimus,
1770 1734 2050 1800 maxime
2079 1733 2525 1818 prohibemur:
2553 1752 2706 1815 quo—

408 1833 620 1899 minus
660 1834 935 1901 Dionem
998 1856 1181 1902 suam
1238 1838 1669 1903 narrationem
1732 1857 1768 1902 e
1811 1837 2128 1903 communi
2178 1842 2436 1901 auctore
2473 1833 2706 1919 'depra-

412 1953 601 2001 vasse
643 1943 883 2002 temere
922 1944 1292 2004 statuamus.
1357 1938 1474 2004 sed
1531 1937 1824 2022 quamvis
1883 1957 2185 2021 magnam
2225 1936 2518 2002 veritatis
2561 1953 2703 2019 spe-

412 2034 573 2099 ciem
596 2034 725 2100 Dio
768 2055 924 2120 prae
964 2057 1034 2103 se
1078 2039 1244 2103 ferre
1285 2037 1598 2121 videatur,
1644 2046 1859 2104 tamen
1891 2038 2106 2103 Taciti
2134 2037 2295 2103 fides
2325 2035 2484 2102 satis
2511 2035 2704 2100 certis

411 2135 803 2218 argumentis
858 2136 1070 2204 adhuc
1114 2140 1355 2205 elevari
1397 2158 1527 2205 non
1570 2147 1800 2225 potest.
1848 2158 1998 2203 nam
2036 2158 2178 2204 cum
2223 2138 2290 2203 in
2334 2136 2563 2203 ceteris
2607 2154 2703 2201 re·

410 2235 549 2320 bus,
588 2243 724 2301 tum
764 2237 835 2303 in
877 2238 1197 2305 seditione
1242 2240 1358 2305 illa
1398 2239 1831 2306 existimanda
1873 2238 2381 2304 obliviscendum
2429 2256 2557 2302 non
2587 2245 2704 2319 est,

411 2336 582 2419 quod
638 2338 814 2421 apud
870 2338 1150 2406 Graecos
1202 2341 1646 2423 Romanosque
1700 2340 1941 2426 quippe
2008 2339 2124 2406 sub
2173 2337 2484 2403 calidiore
2525 2336 2705 2403 coelo

411 2446 597 2504 natos
637 2444 702 2504 et
742 2438 1181 2507 vehementius
1226 2440 1491 2509 affectus
1538 2442 1737 2508 animi
1767 2461 2100 2526 erumpere
2137 2447 2216 2523 et,
2263 2438 2375 2521 qui
2399 2436 2704 2506 contrarii

411 2539 559 2619 sint,
608 2539 799 2607 citius
840 2558 1031 2623 quam
1070 2563 1185 2626 pro
1231 2550 1423 2628 captu
1446 2542 1911 2608 Germanorum
1953 2542 2119 2607 inter
2162 2560 2232 2606 se
2273 2540 2509 2606 mutari
2540 2539 2705 2605 sole-

413 2640 579 2706 bant.
650 2660 815 2723 quae
875 2643 935 2708 si
1002 2644 1397 2727 cognoveris,
1466 2643 1740 2710 rebelles
1802 2643 1990 2709 modo
2034 2642 2439 2708 atrocissima
2481 2659 2706 2725 perpe·

411 2749 637 2824 trasse,
710 2741 897 2807 modo
962 2742 1366 2826 Agrippinae
1431 2743 1684 2826 Gaique
1752 2751 2015 2829 aspectu
2087 2742 2173 2809 ad
2243 2740 2707 2827 poenitentiam

410 2858 632 2908 versos
678 2862 823 2908 esse
865 2844 1062 2928 plane
1114 2863 1244 2908 non
1299 2844 1586 2928 negabis.
1651 2863 1857 2926 neque
1906 2842 2314 2910 renovandae
2359 2839 2703 2907 seditionis

412 2942 644 3021 timori,
691 2944 820 3027 qui,
863 2952 934 3011 ut
979 2945 1194 3031 prodit
1234 2945 1380 3029 Dio,
1425 2945 1878 3011 Germanicum
1907 2945 2275 3026 incesserat,
2319 2942 2484 3007 adeo
2518 2958 2703 3022 repu-

411 3052 612 3127 gnant
640 3064 861 3128 preces
896 3046 1067 3130 illae,
1109 3047 1341 3128 quibus
1383 3054 1449 3113 et
1485 3046 1745 3112 veniam
1788 3052 1980 3128 utque
2012 3044 2080 3109 in
2121 3043 2371 3110 hostem
2402 3041 2704 3108 duceren-

411 3151 513 3208 tur
556 3144 794 3210 milites
839 3145 1181 3230 impetrare
1224 3146 1583 3229 studebant.
1628 3165 1794 3228 quae
1851 3166 1994 3211 cum
2047 3144 2140 3211 ita
2181 3145 2327 3222 sint,
2392 3143 2494 3224 iis,
2540 3161 2705 3224 quae

413 3244 681 3310 Tacitus
724 3266 776 3310 c.
820 3250 1068 3310 41--49
1113 3245 1309 3312 latius
1357 3247 1657 3330 explicat,
1712 3247 1970 3312 omnino
2014 3244 2392 3330 repudiatis,
2419 3233 2507 3308 'ut
2547 3261 2703 3326 pau-

405 3344 676 3411 cissima
718 3347 949 3413 Dionis
997 3347 1198 3414 verba
1241 3365 1597 3429 sequamur,
1644 3347 1779 3412 alia
1810 3349 2010 3413 multa
2038 3367 2156 3413 nec
2185 3365 2315 3411 non
2344 3342 2706 3410 certissima

411 3455 791 3529 argumenta
829 3466 990 3531 opus
1032 3456 1200 3514 sunt.
1244 3466 1407 3529 quae
1450 3446 1509 3513 si
1554 3446 1876 3531 deficiant,
1920 3448 2131 3514 facere
2174 3465 2304 3511 non
2342 3461 2703 3529 possumus,

412 3545 568 3627 quin
613 3546 887 3613 Dionem
931 3547 1211 3614 auctoris
1254 3546 1690 3613 narrationem
1733 3548 1902 3612 male
1942 3548 2213 3613 vertisse
2256 3551 2633 3611 statuamus.

582 3647 661 3713 In
701 3647 946 3732 primis,
1001 3668 1166 3730 quae
1210 3648 1475 3714 Tacitus
1528 3647 1841 3730 peccavit,
1906 3645 2488 3724 animadvertimus,
2532 3641 2706 3726 quod

415 3746 653 3812 Gaium
694 3766 824 3812 non
862 3748 1018 3813 Anti
1057 3748 1125 3813 in
1174 3748 1430 3833 oppido,
1506 3747 1626 3814 sed
1688 3748 1757 3813 in
1816 3748 2045 3814 castris
2100 3746 2427 3830 legionum
2484 3750 2703 3810 natum

414 3866 556 3913 esse
602 3848 769 3912 falso
812 3848 1098 3932 prodidit
1151 3869 1200 3914 c.
1249 3849 1346 3913 41.
1421 3847 1539 3914 sed
1582 3848 1744 3914 haec
1787 3849 1878 3940 cin
1923 3847 2150 3915 castris
2192 3835 2469 3931 genitus'
2515 3843 2704 3908 Taci-

413 3955 549 4013 tum
591 3947 754 4032 ipsis
794 3948 1146 4014 eommunis
1191 3950 1472 4016 auctoris
1516 3947 1735 4015 verbis
1775 3970 1811 4015 e
1860 3968 1978 4015 sua
2017 3947 2347 4013 memoria
2369 3943 2705 4009 addidisse

414 4068 452 4114 e
496 4048 658 4114 locis
702 4048 917 4114 Taciti
962 4054 1025 4114 et
1064 4049 1300 4116 Dionis
1357 4070 1553 4134 supra
1597 4052 1765 4117 inter
1808 4070 1877 4116 se
1937 4047 2324 4134 comparatis
2363 4043 2558 4111 facile
2603 4063 2702 4108 co-

411 4148 755 4232 gnoscitur.
823 4148 1075 4215 censuit
1141 4149 1408 4231 Carolus
1456 4150 1836 4237 Nipperdey
1914 4150 1983 4215 in
2042 4147 2458 4215 adnotatione
2525 4143 2703 4227 vulgi

407 4249 714 4334 opinione
757 4249 1054 4317 Tacitum
1123 4250 1457 4335 deceptum
1520 4270 1667 4318 esse
1736 4250 2087 4317 versiculos
2152 4269 2270 4333 pro
2327 4253 2700 4332 argumento

414 4348 695 4418 addens:
