3037 4913
1518 256 1584 305 10

471 421 590 486 καὶ
635 421 701 499 ἐς
746 419 1065 509 τοσαύτην
1115 448 1184 508 γε
1228 428 1505 507 μεταβσ-
1682 449 1731 494 c.
1778 432 1888 492 44:
1959 426 2320 494 discurrunt
2362 429 2589 494 mutati
2634 437 2697 495 et

401 517 516 607 λὴν
588 510 817 608 ἦλθον,
887 520 1052 591 ὥστε
1126 515 1234 590 καὶ
1316 517 1502 589 αὐτοὶ
1598 527 2160 595 seditiosissimum
2200 548 2514 612 quemque
2556 530 2694 595 vin·

401 621 553 701 τούς
587 619 1042 707 θρασυτάτους
1087 629 1277 712 σφιῦν
1305 617 1499 690 αὕτη·
1598 636 1732 694 ctos
1776 628 2038 695 trahunt
2072 630 2157 695 ad
2193 631 2476 713 legatum
2498 630 2695 712 legio*

401 722 730 790 κέλευστοι
773 724 1116 805 συλλαβεῖν
1161 727 1294 791 κτλ.
1597 729 1699 793 nis
1744 729 1989 813 primae
2035 729 2102 794 O.
2140 729 2551 795 Caetronium
2578 735 2694 794 etc.

601 825 920 903 Quoniam
963 833 1177 894 cetera
1222 828 1438 894 omnia
1481 827 1722 913 quippe
1779 828 2098 894 similibus
2143 829 2357 895 verbis
2400 829 2482 895 ab
2527 837 2694 895 utro·

402 945 524 1010 que
583 926 826 1010 scripta
880 948 917 992 e
969 927 1284 994 communi
1355 929 1529 994 sonte
1603 927 1867 994 fluxisse
1936 949 2133 1014 supra
2191 929 2517 1012 cognitum
2580 937 2696 1011 est,

299 1029 304 1042 '
399 1029 561 1094 haec
604 1049 685 1093 ex
726 1028 948 1094 eodem
995 1037 1248 1114 sumpta
1321 1050 1461 1094 esse
1509 1049 1702 1112 cogor
1747 1036 1814 1094 ut
1861 1036 2154 1094 statuam.
2234 1050 2385 1112 ergo
2431 1030 2698 1096 Tacitus

399 1137 464 1195 et
487 1130 615 1195 Dio
663 1131 730 1196 in
776 1130 963 1196 rebus
1010 1129 1189 1214 ipsiS,
1239 1130 1471 1211 quibus
1520 1130 1686 1196 inter
1730 1149 1799 1196 se
1843 1129 2247 1212 dissentiunt,
2300 1149 2695 1195 communem

400 1228 582 1293 illum
632 1237 958 1296 auctorem
1003 1230 1259 1296 omnino
1303 1250 1432 1295 non
1480 1231 1845 1296 omiserunt.

600 1329 731 1395 Sed
789 1323 1262 1396 commentariis
1318 1332 1421 1396 vel
1483 1332 1568 1398 ab
1610 1331 1975 1415 Agrippina
2032 1332 2167 1396 filia
2211 1334 2313 1397 vel
2356 1333 2436 1397 ab
2488 1333 2694 1399 amico

399 1430 617 1511 aliquo
682 1431 750 1500 in
819 1430 1125 1496 maiorem
1181 1431 1549 1497 Germanici
1619 1432 1889 1514 gloriam
1952 1432 2324 1517 compositis
2398 1433 2693 1499 Tacitum

399 1550 583 1597 usum
627 1551 787 1614 esse,
833 1539 901 1597 ut
953 1552 1123 1615 quae
1178 1534 1259 1598 ab
1303 1542 1557 1599 auctore
1605 1533 1921 1600 communi
1966 1533 2047 1599 de
2090 1534 2458 1618 Agrippina
2500 1533 2695 1600 Gaio-

399 1650 523 1713 que
563 1631 803 1700 tradita
846 1642 1093 1716 essent,
1163 1635 1229 1697 in
1276 1635 1601 1699 contraria
1645 1634 1786 1718 ipse
1826 1641 2116 1717 verteret,
2183 1634 2306 1698 hoc
2348 1635 2544 1718 plane
2586 1655 2695 1701 ne·

397 1732 681 1816 gaudum
702 1741 816 1799 est.
862 1735 1099 1802 etenim
1144 1756 1185 1800 a
1229 1744 1533 1819 tempore,
1584 1755 1708 1817 quo
1743 1735 2111 1801 Germanici
2138 1735 2362 1801 domus
2406 1734 2691 1817 florebat,

399 1832 587 1899 annis
633 1837 877 1898 37—-59
900 1835 1250 1900 Annalium
1295 1836 1571 1920 scriptor
1631 1834 1823 1901 nimis
1870 1836 2110 1912 aberat,
2158 1856 2349 1919 quam
2392 1855 2580 1918 quem
2626 1836 2695 1900 in

398 1933 654 1999 laudem
698 1934 874 2000 illius
918 1936 1263 2001 consensui
1312 1944 1637 2004 auctorum
1685 1956 2044 2021 repugnare
2088 1936 2371 2002 voluisse
2415 1945 2693 2020 putares.

398 2035 765 2102 addendum
819 2043 931 2113 est,
978 2036 1150 2117 quod
1193 2036 1536 2103 Suetonius
1595 2038 1658 2102 in
1705 2036 1825 2102 vit-
1863 2036 2066 2120 Calig.
2112 2058 2162 2101 c.
2189 2041 2225 2099 9
2269 2036 2496 2102 eadem
2540 2037 2692 2118 fere,

397 2157 562 2219 quae
605 2137 892 2220 Tacitus,
945 2137 1011 2201 in
1056 2137 1222 2204 hunc
1268 2137 1524 2203 modum
1567 2137 1798 2203 tradit:

599 2239 977 2330 (Caligulae,
1007 2258 1359 2323 cognomen
1403 2240 1717 2306 castrensi
1758 2240 1899 2305 ioco
1943 2239 2158 2322 traxit,
2202 2239 2357 2321 quia
2402 2238 2692 2322 manipu-

400 2339 564 2405 lario
630 2339 853 2406 habitu
901 2340 1067 2405 inter
1141 2340 1377 2406 milites
1446 2339 1855 2406 educabatur.
1918 2338 2089 2425 apud
2149 2359 2327 2421 quos,
2388 2347 2694 2422 quantum

398 2447 734 2525 praeterea
792 2462 905 2526 per
960 2440 1127 2506 hanc
1184 2442 1709 2509 nutrimentorum
1766 2439 2293 2507 consuetudinem
2350 2461 2565 2506 amore
2630 2448 2692 2506 et

398 2541 612 2624 gratia
654 2542 944 2624 valuerit,
987 2544 1265 2608 maxime
1311 2544 1637 2628 cognitum
1678 2552 1793 2626 est,
1839 2564 1982 2609 cum
2022 2551 2169 2627 post
2213 2562 2545 2608 excessum
2563 2541 2691 2607 Au-

396 2642 570 2724 gusti
612 2643 1069 2710 tumultuantes
1117 2652 1180 2709 et
1225 2646 1292 2709 in
1339 2648 1618 2711 furorem
1663 2665 1862 2728 usque
1892 2643 2282 2729 praecipites
2313 2644 2488 2709 solus
2519 2641 2693 2708 haud

398 2740 594 2807 dubie
660 2752 725 2807 et
792 2752 1134 2828 conspectu
1197 2766 1314 2811 suo
1374 2745 1571 2811 flexit.
1639 2767 1766 2812 non
1823 2745 1994 2811 enim
2051 2746 2230 2830 prius
2295 2744 2691 2824 destiterunt,

398 2863 593 2926 quam
638 2844 928 2928 ablegari
971 2867 1113 2911 eum
1159 2848 1240 2913 ob
1288 2848 1628 2913 seditionis
1682 2848 2037 2933 perieulum
2098 2855 2161 2911 et
2219 2847 2286 2911 in
2336 2845 2690 2930 proximam

399 2947 730 3013 civitatem
772 2947 1149 3014 demandari
1196 2948 1830 3029 animadvertissent3
1875 2953 2026 3011 tunc
2070 2945 2321 3012 demum
2358 2946 2442 3011 ad
2471 2946 2690 3029 poeni-

402 3047 670 3112 tentiam
699 3048 869 3114 versi
913 3069 1216 3133 reprenso
1259 3070 1332 3114 ac
1377 3056 1623 3114 retento
1653 3047 1947 3111 vehiculo
1992 3047 2321 3129 invidiam,
2370 3066 2534 3128 quae
2565 3045 2689 3113 sibi

398 3147 594 3229 fieret,
623 3147 970 3233 ,deprecati
1020 3140 1202 3216 sunt'.

598 3249 652 3312 Ε
698 3249 927 3314 Tacito
972 3250 1344 3316 Suetonium
1407 3271 1527 3315 sua
1583 3249 2007 3333 exscripsisse
2065 3269 2206 3314 cum
2271 3248 2686 3314 demonstrari

398 3349 657 3415 omnino
709 3351 948 3434 nequit,
1016 3362 1149 3417 tum
1209 3373 1285 3418 eo
1342 3351 1672 3434 refellitur,
1734 3350 1906 3434 quod
1961 3351 2083 3415 iste
2126 3348 2360 3413 Gaium
2398 3347 2687 3413 vehiculo

395 3451 719 3538 invectum
783 3473 926 3518 esse
990 3461 1210 3519 auctor
1263 3462 1379 3536 est,
1442 3453 1711 3518 Tacitus
1752 3474 1803 3517 c.
1848 3455 1929 3515 40
1974 3449 2339 3542 tincessisse
2382 3448 2686 3514 muliebre

400 3572 478 3617 ac
521 3552 889 3619 miserabile
935 3575 1182 3638 agmen,
1229 3555 1569 3639 profugam
1613 3553 1794 3618 ducis
1846 3571 2125 3633 uxorem,
2169 3550 2507 3635 parvulum
2546 3550 2687 3615 sinu

397 3652 600 3718 filium
650 3648 994 3737 gerentem'
1040 3656 1280 3720 scribit.
1326 3654 1558 3737 quodsi
1605 3653 1881 3718 feminae
1922 3651 2232 3736 gravidae
2272 3659 2404 3717 tam
2433 3652 2685 3735 longum

401 3752 522 3817 iter
555 3753 822 3837 pedibus
854 3755 1360 3839 permetiendum
1395 3756 1596 3820 fuisse
1631 3774 1757 3820 non
1786 3753 2118 3836 credimus,
2152 3752 2418 3817 Tacitus
2447 3751 2683 3831 eodem,

397 3872 523 3935 quo
569 3855 740 3919 fonte
787 3853 1148 3936 Suetonius,
1207 3875 1377 3937 usus,
1430 3863 1500 3919 ut
1546 3853 1758 3920 verbis
1804 3874 1993 3935 quam
2047 3851 2433 3919 tristissimis
2478 3852 2684 3935 legen-

396 3953 556 4018 tium
600 3954 848 4019 animos
892 3954 1099 4038 magis
1146 3963 1584 4032 commoveret,
1632 3955 1959 4038 paululum
2002 3953 2084 4017 ab
2124 3953 2374 4036 integra
2411 3951 2682 4016 auctoris

397 4054 765 4121 narratione
812 4053 1089 4120 deflexit.
1132 4076 1284 4138 ergo
1330 4075 1496 4136 quae
1543 4053 1621 4119 de
1666 4051 2011 4117 rebellibus
2060 4052 2338 4117 feminae
2383 4051 2683 4136 puerique

395 4162 662 4238 aspectu
709 4155 792 4219 ad
834 4154 1210 4237 obsequium
1253 4155 1439 4220 flexis
1486 4153 1717 4238 prodit,
1775 4152 1934 4219 haec
1980 4152 2245 4217 Tacitus
2289 4172 2684 4234 nequaquam

398 4253 604 4338 finxit,
651 4256 767 4321 sed
812 4256 984 4341 apud
1027 4276 1234 4322 rerum
1272 4256 1647 4341 scriptorem
1677 4255 1890 4338 potius
1920 4254 2160 4336 scripta
2190 4253 2442 4336 reperit.
2500 4272 2682 4334 quae·

399 4374 613 4420 ramus
639 4376 823 4438 nune,
855 4365 1064 4433 utrum
1100 4357 1226 4422 duo
1271 4363 1563 4423 auctores
1591 4375 1672 4419 an
1706 4375 1897 4419 unum
1943 4360 2157 4417 noster
2202 4373 2315 4436 pro
2362 4355 2534 4429 fonte
2580 4352 2680 4417 ha-

401 4454 627 4520 buerit.
