3037 4913
1517 271 1587 324 29

401 448 719 515 communi
764 447 938 512 fonte
1003 446 1301 512 Tacitum
1342 453 1426 511 ·et
1470 446 1745 511 Dionem
1791 466 1974 512 usum
2028 466 2170 512 esse
2229 444 2519 512 refellere
2562 454 2693 512 stu·

405 546 571 614 dent.
618 554 839 614 contra
882 566 1040 629 quos
1086 545 1406 613 monenda
1451 553 1601 611 sunt
1642 543 1819 611 haec.

602 647 816 713 Taciti
859 646 1058 713 verba
1101 646 1339 732 optime
1401 647 1569 712 inter
1610 666 1681 711 se
1727 646 2084 729 coniuncta,
2137 644 2407 728 ideoque
2453 652 2699 711 tantum

405 750 505 814 sui
549 747 792 814 similia
837 768 979 814 esse
1022 766 1352 833 ponamus.
1399 754 1680 813 attamen
1709 746 1961 812 Dionea
2012 745 2174 811 adeo
2219 744 2538 811 dissoluta
2573 764 2701 810 non

404 856 568 933 sunt,
624 869 790 931 quae
834 869 916 915 ex
960 857 1219 915 auctore
1279 849 1529 915 scilicet
1585 848 1814 915 Tacito
1861 847 2214 933 depravata
2257 846 2699 912 affirmaveris.

405 970 554 1021 nam
608 952 799 1034 longo
859 950 1258 1037 principatus
1323 957 1609 1036 tempore
1654 972 1851 1017 novos
1918 950 2208 1033 homines
2252 959 2437 1016 natos
2477 949 2696 1016 ‘adole-

404 1050 577 1117 visse
622 1052 974 1136 scripturus
1022 1051 1150 1117 Dio
1197 1072 1339 1117 cum
1386 1059 1634 1119 veteres
1694 1052 1857 1133 illos,
1904 1072 2180 1134 quonam
2223 1051 2570 1130 venissent,
2617 1070 2698 1115 cx

404 1169 477 1216 se
524 1151 952 1235 exquirendos
999 1154 1135 1218 fore
1180 1154 1510 1234 sensisset,
1556 1154 1745 1219 talia:
1789 1155 1940 1244 ίτῶν
1986 1151 2104 1235 μὲν
2145 1147 2263 1237 γὰρ
2316 1152 2384 1218 ἐκ
2436 1154 2551 1236 τῆς
2591 1150 2696 1235 δη·

403 1249 759 1334 μοκρατίας
803 1242 1062 1335 ἀνδρῶν
1106 1253 1212 1318 καὶ
1259 1246 1318 1316 οἱ
1362 1251 1635 1330 πλείους
1683 1250 1788 1317 καὶ
1831 1246 1895 1317 οἳ
1939 1246 2374 1337 δυνατώτεροι
2422 1243 2700 1316 vincom-

405 1345 618 1418 λεσαν’
665 1362 1020 1439 temporum
1064 1355 1315 1421 ratione
1355 1353 1652 1420 adhibita
1678 1353 2008 1439 praefatus
2055 1361 2169 1421 est.
2215 1354 2480 1432 accedit,
2527 1352 2700 1437 quod

409 1454 746 1537 sequentia
788 1453 1019 1519 Dionis
1063 1455 1260 1521 verba
1315 1475 1459 1521 cum
1515 1455 1643 1520 alio
1705 1454 1924 1521 Taciti
1977 1455 2115 1520 loco
2174 1461 2546 1538 congruunt,
2591 1454 2700 1535 qui

408 1554 529 1619 sub
558 1554 748 1620 finem
794 1575 846 1620 c.
880 1559 914 1618 3
955 1556 1233 1643 scriptus
1263 1566 1376 1622 est.
1424 1577 1573 1622 nam
1619 1555 1921 1647 tiuniores
1953 1563 2099 1640 post
2127 1555 2461 1621 Actiacam
2502 1557 2700 1622 victo·

409 1654 572 1720 riam
602 1647 760 1721 nati'
789 1676 904 1741 pro
932 1655 1166 1722 iisdem
1209 1655 1541 1735 habentur,
1589 1676 1746 1740 quos
1769 1655 1899 1722 Dio
1947 1656 2189 1722 verbis:
2237 1658 2378 1733 τοῖς
2422 1654 2494 1721 δὲ
2537 1680 2699 1740 παρ-

409 1757 552 1821 οῦσι
611 1750 898 1838 μόνοις
957 1753 1377 1844 ἐντραφέντες
1433 1757 1675 1823 scribit.
1752 1757 1906 1822 item
1950 1777 2158 1848 ‘senes
2201 1757 2491 1841 plerique
2537 1758 2702 1824 intel·

409 1856 581 1922 bella
622 1857 861 1923 civium
916 1847 1073 1923 nati'
1121 1878 1262 1924 cum
1320 1858 1498 1924 istis:
1562 1860 1726 1950 ετοῖς
1765 1856 1837 1922 δὲ
1885 1859 2165 1941 παροῦσι
2211 1850 2560 1938 μάλιστα
2606 1851 2700 1922 ἐν·

410 1949 786 2044 τραφέντε-ς’
832 1958 1244 2044 comparandi
1292 1967 1440 2026 sunt
1497 1959 1579 2025 ob
1623 1959 1790 2025 hanc
1834 1979 2113 2041 causam,
2167 1957 2338 2043 quod
2382 1977 2490 2023 eos
2530 1958 2701 2024 viros

410 2065 672 2141 uterque
729 2059 1008 2142 intelligi
1073 2061 1263 2145 cogit,
1330 2061 1440 2143 qui
1509 2061 1677 2127 inter
1722 2061 1895 2127 bella
1942 2059 2180 2125 civium
2222 2057 2408 2125 annis
2450 2062 2695 2123 49—31

409 2159 612 2242 geniti
638 2146 775 2225 'sub
820 2168 1155 2227 exeuntem
1178 2161 1454 2245 Augusti
1502 2151 2567 2255 principatum'quinquagesimum
2601 2162 2703 2227 vel

409 2260 882 2344 sexagesimum
929 2261 1160 2326 aetatis
1206 2281 1441 2327 annum
1488 2262 1783 2347 agebant.
1854 2261 1965 2344 qui
2008 2260 2266 2345 quidem
2310 2280 2496 2326 senes
2544 2258 2699 2324 libe-

410 2379 548 2426 ram
592 2380 724 2425 rem
789 2360 1114 2445 publicam
1157 2383 1286 2428 non
1327 2362 1640 2429 viderant.
1702 2383 1852 2427 nam
1911 2361 2187 2445 denique
2223 2360 2701 2428 exclamando:

412 2460 932 2548 Quotusquisque
977 2464 1276 2548 reliquuS,
1327 2464 1437 2547 qui
1482 2485 1616 2531 rem
1666 2464 1993 2549 publicam
2035 2460 2347 2529 vidisset?
2389 2460 2703 2546 paucissi-

412 2582 549 2627 mos
600 2582 708 2628 eos
750 2563 1017 2630 Tacitus
1061 2565 1348 2648 requirit,
1414 2567 1524 2649 qui
1569 2572 1717 2631 ante
1762 2566 1998 2631 bellum
2044 2564 2211 2630 inter
2258 2563 2600 2630 Caesarem
2640 2569 2705 2628 et

413 2664 788 2748 Pompeium
817 2672 1106 2731 exortum
1136 2666 1273 2731 nati
1302 2672 1585 2732 extremo
1616 2667 1892 2750 Augusti
1923 2675 2206 2750 tempore
2234 2664 2705 2749 sexagesimum

415 2786 651 2831 annum
680 2772 1106 2832 excesserant.
1174 2766 1301 2832 Dio
1332 2786 1503 2849 vero,
1548 2785 1931 2849 quamquam
1961 2765 2220 2833 eosdem
2264 2786 2392 2830 non
2419 2764 2702 2851 requirit,

410 2874 626 2932 tamen
668 2865 1015 2935 similibus
1042 2866 1285 2933 verbis:
1357 2859 1419 2930 οἱ
1470 2866 1526 2931 δ’
1587 2859 1845 2950 ὕστεροι
1894 2864 2137 2949 ἐκείνης
2184 2864 2297 2949 (sc.
2346 2866 2460 2948 τῆς
2508 2864 2705 2948 δημο-

413 2965 701 3051 κρατίας)
745 2966 865 3049 μὲν
918 2958 1112 3032 οὐδὲν
1153 2960 1405 3045 εἰδότες
1469 2967 1710 3034 similia
1769 2965 2055 3033 Taciteis
2112 2984 2255 3031 sese
2314 2965 2552 3049 legisse
2597 2965 2702 3030 de-

413 3075 739 3135 monstrat.

610 3168 732 3234 His
777 3167 1051 3252 cognitis
1102 3168 1159 3233 si
1205 3169 1433 3234 Tacito
1492 3169 1636 3253 ipso
1681 3168 1958 3255 Dionem
2004 3175 2259 3233 auctore
2319 3187 2502 3233 usum
2562 3186 2703 3233 esse

415 3267 736 3351 statueris,
779 3288 1040 3334 necesse
1087 3275 1200 3351 est,
1247 3277 1316 3335 ut
1379 3269 1540 3335 duos
1588 3268 1801 3334 Taciti
1856 3270 2032 3336 locos
2077 3288 2220 3334 eum
2264 3267 2430 3333 inter
2475 3285 2545 3331 se
2587 3264 2703 3330 mi-

415 3367 661 3433 scuisse
704 3366 1002 3434 affirmes.
1062 3368 1178 3435 sed
1218 3368 1530 3435 historiae
1574 3377 1712 3436 arte
1758 3369 2025 3435 Tacitus
2069 3369 2295 3453 magis,
2342 3386 2535 3451 quam
2575 3366 2703 3430 Dio

416 3467 640 3551 viguit.
687 3461 863 3550 quae'
897 3468 965 3533 in
992 3469 1359 3535 universum
1401 3468 1769 3536 aestimanti
1812 3459 2009 3535 unum
2048 3470 2254 3535 locum
2303 3489 2344 3533 a
2373 3468 2601 3534 Tacito
2637 3465 2706 3532 in

420 3567 577 3634 duos
603 3567 979 3635 distractum
1010 3589 1151 3635 esse
1189 3569 1404 3655 potius
1440 3570 1828 3636 credendum
1863 3578 1978 3649 cst,
2011 3589 2204 3652 quam
2229 3575 2296 3634 ut
2324 3567 2486 3633 duos
2528 3568 2704 3634 locos

416 3675 551 3733 tam
611 3668 788 3734 tenui
830 3670 1064 3736 Dionis
1128 3670 1388 3755 ingenio
1444 3672 1513 3736 in
1554 3692 1750 3737 unum
1806 3690 2012 3754 neque
2066 3668 2516 3735 inconcinnum
2558 3688 2706 3734 con·

417 3760 656 3835 tractos
715 3790 857 3837 esse
916 3771 1036 3836 tibi
1081 3771 1490 3856 persuadeas.
1562 3771 1861 3837 addenda
1924 3778 2071 3837 sunt
2127 3770 2301 3836 haec.
2366 3776 2706 3855 postquam

420 3870 591 3935 enim
636 3870 913 3955 Augusti
969 3879 1257 3958 tempora
1302 3872 1489 3939 iustis
1541 3869 1971 3940 voluminibus
2034 3869 2325 3949 absolvit,
2368 3871 2496 3935 Dio
2540 3870 2705 3935 eius-

421 3969 565 4036 dem
605 3972 835 4038 merita
877 3983 1246 4040 enumerata
1289 3974 1358 4040 in
1405 3974 1530 4040 fine
1573 3973 1771 4040 addit.
1819 3973 2088 4041 Tacitus
2131 3993 2282 4040 vero
2329 3970 2704 4036 Tiberiano·

421 4092 558 4137 rum
606 4079 961 4156 temporum
1019 4075 1291 4160 scriptor
1334 4096 1543 4159 pauca
1602 4074 1688 4162 de
1724 4074 2014 4160 Augusto
2076 4081 2138 4140 et
2180 4081 2463 4140 extrema
2523 4092 2703 4157 prae·

420 4170 592 4236 fatus
634 4178 746 4236 est.
792 4191 988 4254 quare
1031 4193 1173 4239 cum
1212 4194 1247 4239 e
1292 4175 1608 4240 communi
1653 4181 1986 4257 utrumque
2030 4174 2202 4239 fonte
2233 4172 2525 4239 hausisse
2570 4192 2702 4238 cer-

418 4269 689 4336 tissimis
730 4274 1121 4355 argumentis
1186 4275 1345 4340 satis
1400 4294 1716 4358 superque
1780 4273 2219 4341 confirmatum
2281 4274 2384 4356 sit,
2444 4263 2593 4339 num
2636 4280 2705 4339 tu

420 4370 635 4436 Taciti
677 4372 1141 4456 praefationem
1185 4372 1460 4439 Dionem
1503 4373 1903 4458 excerpsisse
1948 4375 2210 4439 censeas
2227 4373 2261 4439 ⁴?
2308 4394 2517 4440 nonne
2561 4394 2702 4460 pro-

422 4472 568 4556 pius
614 4480 725 4551 est,
771 4494 936 4557 quae
976 4474 1055 4540 de
1101 4474 1503 4561 imperatoris
1545 4473 1789 4541 meritis
1835 4472 2095 4556 diceret,
2137 4493 2219 4540 ex
2258 4471 2487 4541 ‘eodem
2529 4474 2702 4540 fonte
