3037 4913
1546 214 1618 267 23

644 406 781 471 cap.
828 385 923 450 30.
1135 384 1307 451 Mors
1348 381 1644 468 Augusti.

827 489 976 549 31--
993 488 1091 548 33.
1138 485 1391 552 Primus
1450 490 1710 551 senatus
1754 484 1912 568 dies,
1969 491 2435 568 testamentum,
2479 486 2736 569 aliaque

1138 585 1443 653 mandata
1487 605 1803 671 suprema.

819 691 1083 752 34-42.
1128 687 1491 772 Sepultura,
1536 686 1826 753 laudatio
1868 686 2173 753 funebris.

824 790 1088 852 43-45.
1131 787 1406 872 Augusti
1450 786 1697 854 laudes.

825 891 1089 953 46-47.
1132 888 1422 955 Honores
1467 887 1618 954 divo
1659 888 1949 972 Augusto
1996 886 2255 973 decreti.

643 987 896 1054 Deinde
952 988 1021 1053 in
1076 988 1242 1054 libro
1286 987 1465 1053 LVII
1529 987 1694 1053 nihil
1737 987 1865 1053 nisi
1907 986 1988 1052 de
2039 987 2302 1054 Tiberio
2348 988 2490 1074 ipso
2533 988 2738 1072 expli-

445 1096 643 1173 catur,
687 1089 891 1155 velut:
1260 1085 1264 1089 ’

542 1211 549 1218 ’
642 1202 778 1274 cap.
830 1194 879 1253 1.
928 1190 1177 1256 Natura
1214 1197 1514 1274 artesque
1560 1190 1707 1255 novi
1752 1188 2083 1275 principie,

822 1294 876 1355 2.
923 1290 1223 1356 Tiberius
1270 1291 1609 1375 imperium
1653 1289 1919 1358 subdole
1955 1309 2278 1370 recusans,
2346 1288 2547 1354 iratus
2591 1288 2734 1353 Asi·

927 1392 1080 1458 nino
1119 1390 1328 1457 Gallo.

819 1497 872 1557 3.
922 1491 1173 1558 Causae
1217 1491 1493 1558 recusati
1541 1490 1795 1576 imperii
1835 1489 2071 1568 variae,
2125 1487 2354 1555 caedes
2402 1487 2736 1573 Agrippae

926 1593 1231 1660 Postumi.

641 1693 760 1759 His
799 1694 1193 1778 argumentis
1241 1693 1408 1760 inter
1448 1714 1516 1759 se
1561 1692 1813 1758 collatis
1841 1692 2047 1758 elucet
2074 1691 2362 1771 Dionem,
2393 1698 2735 1776 postquam

307 1856 311 1861 .
442 1793 717 1877 Augusti
771 1801 1063 1879 tempora
1119 1792 1458 1860 duodecim
1499 1793 1685 1859 libris
1727 1790 2134 1857 XLv—LVI
2177 1791 2372 1858 latius
2417 1791 2730 1877 exposuit,

443 1894 724 1977 amplam
767 1914 986 1960 earum
1027 1915 1256 1979 rerum,
1302 1914 1467 1976 quae
1509 1894 1578 1958 in
1627 1892 1927 1959 honorem
1983 1892 2264 1959 defuncti
2310 1893 2518 1959 factae
2565 1901 2729 1971 sunt,

444 1992 791 2078 imaginem
833 1994 1249 2079 expressisse,
1298 1994 1597 2060 Tacitum
1618 2014 1768 2061 vero
1814 1993 1894 2059 de
1924 1991 2155 2059 iisdem
2178 1993 2496 2078 supremis
2526 2013 2734 2078 pauca

443 2101 508 2159 et
548 2093 709 2160 talia
749 2093 1186 2161 tantummodo
1231 2094 1429 2162 verba
1484 2094 1734 2174 fecisse,
1799 2093 2032 2177 quibus
2088 2102 2152 2159 et
2204 2093 2439 2160 veteris
2496 2093 2731 2179 princi-

441 2200 630 2278 patus
688 2193 971 2259 conditio
1026 2203 1089 2260 et
1149 2194 1299 2260 novi
1356 2200 1561 2260 status
1616 2195 1824 2278 magis
1868 2194 2355 2259 illustrarentur.
2417 2192 2587 2258 idem
2631 2210 2733 2260 res

442 2294 524 2361 ab
572 2314 851 2360 ‚excessu
899 2294 1032 2360 divi
1092 2294 1366 2381 Augusti
1418 2295 1485 2360 in
1549 2302 1777 2361 senatu
1838 2301 2035 2372 actas,
2096 2294 2264 2362 unde
2308 2296 2729 2381 potissimum,

442 2397 652 2481 qualis
710 2397 938 2463 fuisset
994 2394 1314 2478 Tiberius,
1370 2393 1652 2462 dilucide
1720 2402 2238 2480 cognosceretur,
2306 2403 2453 2462 ante
2515 2396 2731 2464 oculos

441 2498 625 2564 nobis
666 2497 904 2582 posuit,
947 2496 1066 2564 sed
1109 2497 1237 2563 Dio
1280 2497 1508 2563 talium
1551 2517 1760 2563 rerum
1797 2517 2007 2582 pauca
2048 2504 2296 2564 tantum
2337 2497 2446 2563 lib.
2492 2496 2672 2564 LVII
2694 2503 2729 2563 2

441 2597 718 2665 exhibet.
764 2618 917 2681 ergo
960 2619 1001 2662 a
1038 2598 1267 2664 Tacito
1309 2599 1511 2664 multa
1554 2598 1799 2682 scripta
1840 2604 2006 2682 sunt,
2042 2617 2207 2681 quae
2254 2597 2429 2683 apud
2457 2598 2733 2663 Dionem

441 2698 697 2766 omnino
741 2698 1209 2780 desiderantur,
1251 2697 1405 2763 item
1445 2697 1620 2782 apud
1665 2698 1943 2764 Dionem
1987 2716 2116 2764 non
2154 2718 2364 2783 pauca
2407 2696 2729 2783 reperiun-

440 2807 557 2878 tur,
603 2819 768 2882 quae
813 2797 988 2884 apud
1028 2797 1325 2866 Tacitum
1366 2797 1692 2864 incassum
1733 2797 2147 2881 quaesiveris.
2200 2796 2315 2864 sed
2337 2796 2553 2863 omnia
2572 2795 2733 2863 haec

441 2917 843 2983 quamquam,
903 2898 1073 2965 unde
1152 2897 1417 2965 fluxisse
1482 2906 1870 2983 appareant,
1934 2898 2295 2965 certissima
2357 2902 2734 2980 argumenta

439 2998 688 3082 desunt,
746 3007 961 3066 tamen
1010 3020 1091 3066 ex
1154 3019 1300 3084 uno,
1366 3019 1495 3067 non
1554 3019 1590 3066 e
1647 2999 1939 3085 pluribus
1990 2999 2273 3067 fontibus
2315 2999 2548 3067 hausta
2589 3018 2732 3065 esse

441 3100 880 3166 affirmaveris.
940 3122 1089 3167 nam
1149 3102 1424 3186 primum
1475 3100 1734 3184 quidem
1789 3108 2035 3185 cuncta,
2096 3117 2261 3183 quae
2321 3101 2404 3166 ab
2465 3105 2731 3183 utroque

441 3200 630 3266 simul
696 3199 1048 3278 traduntur,
1096 3220 1225 3267 non
1283 3201 1472 3267 modo
1532 3202 1699 3269 inter
1761 3222 1830 3267 se
1892 3222 2018 3268 non
2062 3201 2467 3285 dissentiunt,
2517 3208 2732 3284 ”atque

441 3301 603 3367 adeo
649 3308 1020 3388 congruunt.
1072 3300 1306 3368 deinde
1354 3302 1674 3385 miramur,
1720 3303 1890 3387 quod
1936 3323 2052 3369 eae
2098 3325 2218 3382 res,
2266 3322 2430 3385 quae
2473 3301 2732 3368 ineunte

440 3401 690 3468 Tiberii
730 3401 1098 3486 principatu
1141 3401 1209 3467 in
1267 3401 1421 3468 urbe
1465 3401 1851 3481 acciderant,
1908 3404 2173 3472 Tacitus
2216 3405 2513 3471 undecim
2557 3405 2728 3490 capi-

437 3502 608 3569 tibus
655 3505 860 3566 6--15
907 3501 1199 3581 absolvit,
1260 3509 1393 3568 tum
1449 3522 1603 3568 vero
1665 3502 2052 3571 seditionum
2108 3505 2361 3571 illarum
2419 3505 2728 3571 narratio-

437 3623 584 3669 nem
629 3603 697 3668 in
740 3603 958 3688 capita
989 3610 1234 3688 septem
1263 3611 1328 3669 et
1358 3603 1630 3688 triginta
1665 3605 1904 3668 16-—52
1936 3605 2240 3671 extendit.
2286 3626 2482 3690 quare
2512 3606 2733 3692 priora

435 3704 551 3768 illa
593 3703 661 3768 in
703 3703 859 3768 urbe
904 3710 1052 3769 acta
1092 3702 1265 3788 apud
1310 3723 1707 3770 communem
1754 3712 2093 3788 auctorem,
2138 3726 2175 3771 e
2214 3726 2337 3789 quo
2363 3706 2627 3773 Tacitus
2667 3714 2732 3773 et

436 3805 562 3870 Dio
605 3823 725 3870 sua
767 3812 1236 3890 excerpserunt,
1302 3804 1626 3889 copiosius
1690 3804 2016 3888 explicata
2078 3805 2279 3873 fuisse
2318 3805 2568 3890 colligo.
2614 3806 2730 3873 sed

437 3902 815 3971 documento
858 3912 1007 3970 sunt
1046 3904 1234 3970 haee:

518 4004 714 4089 LVII,
761 4009 828 4070 2:
906 4008 1220 4082 Τοιοῦτος
1273 3991 1387 4071 οὖν
1451 4005 1531 4091 δή
1717 4010 1768 4070 7.
1856 4005 1986 4074 Sed
2075 4004 2359 4086 desumto
2442 4003 2729 4091 Anqusto
2845 4041 2849 4047 ·

436 4129 533 4183 τις
575 4099 666 4169 ὢν
695 4101 775 4183 ἔς
819 4127 898 4169 τε
943 4100 1034 4170 τὰ
1079 4100 1528 4188 στρατόπε·
1632 4108 1885 4192 signum
1963 4104 2305 4192 praetoriis
2361 4104 2727 4174 cohortibus

435 4205 474 4270 ὁ
488 4230 529 4269 α
574 4205 681 4270 καὶ
725 4203 790 4283 ἐς
832 4200 913 4268 τὰ
956 4200 1122 4289 ἔθνη
1167 4200 1405 4288 πάντα,
1440 4202 1532 4285 ὥς
1634 4217 1703 4275 ut
1776 4208 2122 4293 imperator
2182 4204 2476 4290 dederat3
2539 4227 2725 4275 excu-

433 4297 875 4391 αὐτοκράτωρ,
910 4330 942 4372 ε
959 4304 1110 4372 ὔθύ
1128 4332 1161 4384 ς
1194 4302 1236 4371 ἀ
1252 4302 1355 4372 no
1402 4309 1491 4396 τῆ
1505 4331 1539 4386 ς
1638 4307 1805 4390 biae,
1828 4319 2023 4390 arma,
2071 4312 2284 4371 cetera
2305 4306 2509 4388 aulae,
2541 4307 2727 4396 miles

437 4400 720 4490 Νώλης
752 4405 1183 4472 ἐπέστειλε
1221 4401 1309 4492 μὴ
1334 4405 1537 4491 λέγων
1640 4407 1707 4474 in
1731 4407 1952 4484 forum,
1995 4406 2180 4474 miles
2228 4407 2295 4475 in
2341 4408 2583 4475 curiam
2625 4429 2721 4475 coe
