3037 4913
1486 304 1556 358 36

366 469 597 554 quibus
657 480 1003 539 commotus
1056 474 1305 541 Plinius
1360 483 1492 540 tam
1538 476 1942 545 immaturum
1986 481 2166 565 operi
2211 481 2408 548 finem
2459 482 2662 569 impo-

372 574 588 656 suerit,
642 573 1111 655 inquirentibus
1170 575 1355 641 nobis
1416 575 1591 642 haud
1653 578 1964 645 levissimi
2028 583 2330 648 momenti
2392 583 2661 662 videtur,

370 673 540 754 quod
591 674 709 739 sub
775 674 1028 739 Nerone
1097 676 1467 742 novissimis
1531 680 1718 750 annis
1785 699 1971 745 omne
2035 681 2388 747 studiorum
2461 704 2663 767 genus

368 774 562 856 paulo
603 775 868 842 liberius
914 777 1342 859 periculosum
1386 780 1663 845 servitus
1704 781 1958 847 fecerat.
2032 791 2098 846 at
2152 785 2348 848 multo
2404 785 2664 868 gravior

372 894 570 940 causa
613 877 827 942 extitit
870 877 1046 961 haec,
1091 879 1261 961 quod
1303 881 1517 965 operis
1569 880 1714 947 finis
1756 885 2048 965 congruit
2091 904 2234 949 cum
2280 886 2422 963 isto,
2474 904 2661 972 quem

365 976 557 1040 finem
596 978 866 1044 militiae
909 980 1320 1061 germanicae
1362 982 1616 1048 Plinius
1662 983 1828 1049 fecit.

561 1080 615 1142 E
682 1078 980 1144 Pliniano
1052 1098 1244 1164 opere
1309 1082 1606 1147 Tacitum
1680 1104 1888 1166 pauca
1955 1084 2034 1149 de
2100 1085 2465 1170 Agrippina
2529 1092 2656 1151 tra-

366 1177 503 1243 dita
549 1198 703 1243 suae
748 1179 1101 1244 narrationi
1144 1181 1493 1247 inseruisse
1539 1202 1734 1267 supra
1792 1183 2089 1250 diximus.
2166 1204 2315 1249 nam
2344 1205 2657 1250 summam

362 1297 581 1342 earum
625 1298 852 1361 rerum,
913 1299 1076 1361 quae
1135 1302 1189 1345 a.
1258 1283 1630 1346 14-—16‘in
1692 1282 2040 1348 Germania
2102 1292 2324 1367 gestae
2376 1292 2553 1367 sunt,
2619 1303 2653 1348 e

363 1388 578 1444 vetere
644 1379 755 1444 illo
822 1380 1141 1445 communi
1208 1389 1465 1445 auctore
1538 1389 1793 1467 sumpta
1861 1403 2002 1449 esse
2068 1392 2446 1467 argumenta
2510 1392 2658 1449 sunt

362 1480 564 1545 haec:
622 1500 698 1546 ac
743 1481 1016 1564 primum
1070 1481 1330 1563 quidem
1375 1484 1728 1549 communis
1776 1493 2013 1569 auctor,
2074 1505 2260 1567 quem
2305 1487 2533 1551 Tacito
2592 1493 2655 1550 et

362 1582 575 1646 Dione
642 1582 806 1647 inter
865 1602 935 1646 se
1002 1583 1252 1649 collatis
1299 1582 1753 1649 Germanicum
1818 1586 1998 1650 miris
2056 1587 2353 1652 laudibus
2396 1579 2650 1670 praedi—

358 1702 540 1748 casse
612 1690 877 1766 constat,
943 1684 1000 1748 si
1071 1684 1553 1769 expeditionum
1623 1684 1991 1752 Germanici
2057 1687 2446 1752 mentionem
2519 1705 2647 1750 non

357 1785 632 1867 fecisset,
691 1784 923 1849 bonam
995 1784 1079 1849 ad
1140 1786 1501 1868 augendam
1567 1786 1852 1852 eiusdem
1912 1788 2186 1871 gloriam
2250 1786 2651 1853 occasionem

359 1886 615 1951 omnino
646 1886 1058 1968 neglexisset.
1102 1885 1336 1952 deinde
1383 1908 1477 1970 ea,
1507 1908 1671 1969 quae
1711 1888 1791 1952 de
1837 1888 2171 1969 militibus,
2201 1897 2272 1953 ut
2306 1889 2374 1952 in
2403 1887 2650 1953 hostem

359 1987 754 2063 ducerentur,
800 1987 1210 2071 precantibus
1254 2008 1294 2052 a
1319 1988 1548 2052 Tacito
1593 1990 1642 2072 I,
1670 1993 1749 2052 49
1797 1990 2038 2073 scripta
2067 1996 2232 2072 sunt,
2288 2010 2431 2055 cum
2459 1989 2649 2054 bellis

359 2087 727 2154 Germanici
770 2088 931 2173 ipsis
998 2095 1128 2152 tam
1193 2096 1329 2153 arte
1387 2088 1745 2166 cohaerent,
1803 2098 1870 2154 ut
1926 2110 1960 2153 e
2015 2089 2332 2156 communi
2390 2097 2648 2155 auctore

354 2197 623 2270 utraque
663 2189 870 2274 petita
904 2209 1045 2255 esse
1087 2208 1212 2253 non
1247 2208 1537 2272 negares.
1583 2197 1904 2273 postremo
1949 2210 2117 2268 vero,
2166 2198 2234 2255 ut
2279 2210 2475 2275 supra
2517 2189 2647 2255 dic-

355 2300 487 2357 tum
528 2300 641 2375 est,
687 2292 883 2357 aliam
911 2310 1188 2374 causam,
1231 2309 1359 2372 qua
1401 2298 1749 2355 commotus
1773 2290 1899 2355 Dio
1941 2290 2093 2356 inde
2137 2311 2215 2356 ex
2262 2312 2312 2357 c.
2349 2296 2382 2352 7
2432 2298 2643 2357 aucto—

355 2413 486 2458 rem
511 2413 695 2459 suum
740 2394 931 2477 plane
973 2390 1277 2474 omiserit,
1321 2410 1451 2455 non
1486 2391 1778 2455 invenies
1822 2391 1950 2458 nisi
1982 2391 2256 2458 fortasse
2282 2410 2442 2474 eam,
2475 2392 2645 2474 quod

353 2495 525 2559 bella
568 2493 953 2559 Germaniae
984 2492 1064 2556 ab
1096 2491 1318 2556 eodem
1356 2492 1551 2557 latius
1590 2492 1913 2576 explicata
1942 2493 2211 2558 fuerant.
2262 2511 2426 2574 quae
2456 2513 2643 2575 argu-

352 2602 569 2661 menta
610 2594 827 2659 omnia
874 2594 929 2658 si
976 2592 1308 2677 respiciaS,
1354 2614 1497 2658 cum
1539 2592 1609 2658 in
1651 2592 2075 2658 seditionibus
2120 2593 2462 2676 legionum,
2510 2602 2645 2658 tum

350 2695 419 2760 in
461 2693 981 2779 expeditionibus
1027 2692 1393 2758 Germanici
1461 2693 1840 2759 enarrandis
1909 2714 2101 2760 unum
2165 2692 2353 2760 modo
2412 2693 2641 2759 Tacito

349 2802 671 2861 auctorem
716 2795 915 2860 fuisse
975 2793 1372 2878 probabilius
1403 2801 1517 2875 est,
1565 2814 1754 2877 quam
1799 2803 1868 2859 ut
1913 2794 2066 2860 inde
2112 2815 2193 2859 ex
2239 2817 2290 2861 c.
2335 2799 2413 2858 55
2450 2796 2640 2879 longe

351 2896 548 2962 alium
594 2897 830 2961 fontem
877 2896 1069 2962 istum
1117 2894 1359 2960 adiisse
1403 2896 1582 2960 nulla
1620 2895 1939 2978 probabili
1986 2915 2184 2960 causa
2226 2895 2528 2961 conicias.

546 2999 728 3063 Bella
773 2997 1172 3063 Germanica
1211 2997 1317 3061 hic
1380 2996 1525 3060 illic·
1573 2995 1912 3061 annalibus
1969 2995 2350 3078 scriptorum
2392 2997 2640 3062 intexta

347 3098 548 3164 fuisse
589 3119 670 3164 ex
714 3119 790 3163 eo
832 3098 1113 3163 maxime
1159 3097 1387 3179 efficio,
1433 3096 1604 3178 quod
1649 3096 1909 3161 ineunte
1953 3097 2228 3164 Neronis
2270 3097 2637 3183 principatu

344 3198 594 3265 Plinius
638 3200 708 3264 in
736 3220 930 3265 unum
972 3218 1200 3282 corpus
1230 3217 1310 3262 ea
1339 3195 1644 3278 colligere
1676 3196 2021 3263 constituit.
2070 3217 2266 3279 quare
2296 3218 2440 3263 cum
2468 3218 2523 3262 a.
2556 3202 2633 3261 47

344 3300 690 3384 imperator
735 3299 1046 3366 Claudius
1107 3299 1268 3363 adeo
1321 3318 1559 3363 novam
1619 3299 1687 3363 in
1733 3297 2115 3364 Germanias
2157 3300 2287 3365 vim
2334 3299 2635 3384 prohibu-

341 3401 516 3476 isset,
557 3409 626 3467 ut
655 3402 878 3467 referri
917 3399 1247 3486 praesidia
1290 3399 1385 3465 cis
1406 3399 1700 3465 Rhenum
1745 3399 1993 3464 iuberet
2017 3399 2196 3481 (Tac.
2240 3421 2296 3465 a.
2343 3400 2459 3482 XI,
2511 3401 2631 3481 19),

340 3501 514 3566 haud
570 3501 1040 3567 incommodum
1099 3500 1216 3565 tali
1262 3500 1623 3565 collectioni
1666 3507 1915 3583 tempus
1968 3499 2094 3565 sibi
2139 3500 2348 3583 elegit.
2404 3499 2633 3582 quibus

341 3604 601 3669 monitis
661 3604 719 3669 si
773 3605 1087 3669 rationem
1143 3623 1434 3685 quaeras,
1502 3622 1667 3684 quae
1728 3601 1894 3667 inter
1937 3601 2150 3667 Taciti
2206 3608 2529 3690 auctorem
2571 3607 2634 3666 et

342 3705 622 3770 Plinium
654 3703 1027 3786 intercedat,
1072 3702 1141 3766 id
1182 3703 1321 3767 fieri
1352 3701 1638 3787 potuisse
1668 3701 2100 3785 probabimuS,
2145 3709 2214 3767 ut
2260 3702 2328 3766 in
2370 3721 2631 3788 numero

340 3805 739 3889 scriptorum,
799 3824 957 3887 quos
1002 3804 1071 3868 in
1111 3802 1442 3869 tradendis
1488 3801 1675 3867 bellis
1725 3801 2110 3867 Germaniae
2154 3801 2405 3866 Plinius
2454 3820 2630 3866 secu·

340 3913 444 3971 tus
476 3914 575 3972 est
613 3941 695 3949 —-
736 3905 970 3970 etenim
1000 3902 1398 3988 expeditioni
1425 3901 1695 3967 Domitii
1727 3901 2106 3967 Corbulonis
2135 3922 2190 3966 a.
2213 3905 2291 3963 47
2324 3902 2393 3965 in
2425 3900 2631 3966 Chau-

338 4026 445 4073 cos
511 4008 721 4072 factae
787 4026 857 4071 se
922 4006 1061 4090 ipse
1135 4002 1505 4070 interfuisse
1579 4002 1806 4067 scribit
1876 4009 2001 4066 nat.
2071 4001 2218 4065 hist.
2264 4001 2420 4064 XVI
2472 4005 2498 4062 1
2546 4036 2631 4045 -—

339 4128 481 4174 cum
524 4108 658 4187 alii,
706 4114 840 4172 tum
884 4104 1097 4170 Taciti
1138 4108 1357 4169 auct'or
1406 4110 1592 4168 esset.
1638 4123 1788 4167 nam
1828 4110 1976 4168 ante
2007 4100 2207 4167 Plinii
2249 4101 2421 4166 bella
2457 4101 2629 4165 circa

337 4229 392 4274 a.
421 4213 501 4272 60
535 4208 714 4275 edita
754 4207 929 4273 haud
971 4205 1169 4271 dubie
1215 4205 1337 4271 iste
1383 4200 1583 4269 libros
1622 4223 1769 4270 suos
1815 4202 2186 4287 composuit.
2229 4209 2315 4284 ut,
2349 4201 2460 4283 qui
2497 4221 2627 4266 me-

335 4309 576 4373 moriae
651 4306 1004 4392 produntur
1087 4325 1297 4371 rerum
1371 4303 1865 4370 Tiberianarum
1930 4309 2251 4384 auctores,
2339 4301 2626 4385 singulos

335 4428 775 4476 enumeremus
790 4460 806 4493 ,
874 4409 1121 4475 Seneca
1161 4407 1392 4487 rhetor,
1463 4428 1651 4490 quem
1692 4407 1762 4472 L.
1806 4409 2114 4472 Annaeus
2165 4407 2411 4472 Seneca
2455 4406 2626 4472 filius

334 4509 636 4576 historias
697 4510 779 4574 ab
838 4510 1026 4575 initio
1071 4510 1382 4577 bellorum
1433 4508 1721 4577 civilium
1762 4528 1970 4593 paene
2022 4527 2223 4590 usque
2275 4506 2360 4572 ad
2403 4508 2625 4573 mortis
